2982 4884
542 343 587 376 τ-
635 307 735 390 [cnsp
766 342 806 353 -
1185 308 1242 368 um

106 487 188 558 ἔσθ’
208 487 302 570 ὅπως
326 489 368 561 ἀν
389 517 441 571 τις
463 486 646 577 ἀνάσχοιτο
668 500 727 582 της
749 490 908 582 τοιαύτης
928 499 1107 579 populuum
1141 495 1174 556 τί
1196 491 1243 572 δέ,

107 595 139 661 εἰ
161 594 291 662 τούτων
312 597 376 679 μὲν
398 592 602 684 ἀμφοτέρων
623 601 835 685 προνοηθείη
851 602 1005 683 μετρίως,
1031 589 1173 680 μένοιδ
1190 593 1248 660 ἐπί

106 706 166 786 της
189 694 291 786 αὐτῆς
312 700 482 784 μελῳδίας
504 701 561 766 καί
584 707 650 768 τῶν
672 695 783 785 αὐτῶν
806 699 949 786 ῥυθμῶν
971 693 1071 765 οὐδὲν
1091 693 1133 764 ἀν
1149 698 1247 777 ἐξαλ-

106 799 239 868 λάττων
254 797 332 868 οὐδὲ
348 803 550 883 ποικίλλων,
578 789 633 890 ἀρ’
649 797 710 886 οὐχ
727 797 807 869 ὅλον
822 802 1023 889 διαφθείροι
1038 799 1075 866 τὸ
1092 795 1242 885 ἀγαθὸνς
1328 866 1332 880 ,

106 907 170 970 Pro
192 912 333 992 ποιῆται
358 906 431 991 logo
461 903 706 993 ποιήσαιτο.
752 906 915 972 Particula
943 901 984 972 ἀν
1012 913 1048 972 nt
1075 925 1245 991 perperam

104 1028 179 1073 cum
211 1009 391 1095 participiis
425 996 638 1088 ἐξαλλάττων
670 1018 702 1075 et
733 1009 920 1075 ποικίλλων
948 1009 1166 1093 coniungitur,
1200 1007 1247 1072 ita

105 1111 194 1176 omni
228 1113 321 1177 modo
349 1111 383 1177 in
414 1113 546 1197 epodosi
575 1113 787 1179 condicionali
817 1111 1028 1178 desideratur.
1076 1111 1247 1177 Praeterea

104 1215 366 1299 interrogationis
388 1216 514 1300 signum
530 1217 614 1283 male
629 1216 758 1282 additur
779 1222 855 1301 post
869 1215 1066 1298 ποικίλλων,
1092 1214 1248 1280 omittitur

104 1327 180 1403 post
202 1322 234 1382 τί
249 1318 298 1384 δέ.
344 1321 487 1385 Alteram
509 1320 607 1402 igitur
628 1318 796 1404 periodum
818 1319 864 1384 ita
886 1318 1102 1385 exhibuerim:
1131 1321 1174 1382 Τί
1189 1317 1243 1396 δίς

104 1419 137 1486 εἰ
165 1418 296 1488 τούτων
323 1421 387 1504 μέν
414 1416 621 1508 ἀμφοτέρων
649 1426 860 1509 προνοηθείη
890 1426 1048 1508 μετρίως,
1083 1424 1180 1504 μένοι
1210 1415 1244 1486 δ’

103 1523 164 1588 ἐπί
187 1529 245 1610 τῆς
267 1518 370 1612 αάτης
391 1524 561 1608 μελῳδίας
583 1525 640 1588 καὶ
662 1531 729 1591 τῶν
751 1519 862 1591 αὐτῶν
877 1523 1020 1610 ῥυθμῶν
1035 1518 1134 1590 οὐδὲν
1148 1522 1246 1602 ἐξαλ-

104 1625 240 1692 λάττων
267 1620 346 1693 οὐδὲ
376 1628 573 1709 ποικίλλων,
606 1617 662 1712 ἀρ’
683 1621 744 1709 οὐχ
767 1621 848 1692 ὅλον
873 1621 950 1715 <ἀν>
975 1626 1177 1712 διαφθείροι
1206 1622 1244 1689 τὸ

101 1724 257 1815 ἀμαθόνς
949 1807 955 1816 Ι

194 1854 227 1918 p.
249 1836 359 1899 110710
385 1830 535 1915 Ταχεῑάν
556 1855 592 1899 τε
615 1831 709 1899 πάνυ
730 1831 792 1920 τὴν
814 1841 936 1918 γνῶσιν
950 1829 1097 1920 λήψεται
1111 1832 1169 1896 καί
1185 1826 1245 1898 oda

103 1933 180 2000 ἐπι
201 1936 263 2001 lac.
283 1936 378 2001 elec.
405 1958 523 2002 σεται
545 1949 619 2014 ταῖς
643 1929 820 2023 ὁμοιότησι
834 1937 883 2000 M:
911 1934 1066 2002 doluerat
1081 1937 1119 2001 R.
1167 1936 1244 2019 Syl-

101 2037 239 2121 burgius
268 2045 300 2104 et
329 2039 480 2104 Reislrius
511 2059 582 2104 oum
612 2060 669 2124 pro
698 2040 856 2124 corruptis
886 2033 946 2105 οὐκ
977 2037 1133 2104 ἐπίοεται
1165 2038 1245 2104 scri·

100 2139 245 2206 bendum
274 2147 490 2227 proponerent
519 2141 571 2208 hic
602 2136 713 2208 οὐκέτι
739 2139 974 2228 παισθήσεται
1002 2143 1054 2208 vel
1084 2136 1144 2208 οάκ
1168 2139 1244 2206 ἐπι-

99 2247 276 2326 πείσεται,
306 2225 379 2310 ille‘
393 2239 453 2309 οἰκ
484 2242 660 2310 ίποίοετοι
689 2246 742 2312 vel
772 2239 832 2311 οάκ
859 2239 1134 2332 ἀπατηθήσεται,
1168 2263 1243 2311 sen-

98 2347 236 2412 tentiam
274 2346 404 2429 quidem
441 2347 614 2431 genuinam
651 2347 796 2415 adsecuti
838 2355 934 2430 sunt,
976 2349 1049 2432 ipsa
1085 2347 1243 2414 vocabula

98 2448 292 2533 displicent3
324 2468 431 2533 neque
453 2450 585 2526 verbnm
608 2451 693 2534 quod
722 2458 754 2517 et
776 2450 955 2518 sententiae
984 2458 1017 2518 ct
1038 2450 1242 2516 Ambrosiani

98 2553 239 2618 lacunae
273 2559 384 2636 aptum
418 2561 520 2632 osset,
558 2553 703 2619 invenire
735 2552 815 2618 mihi
844 2553 988 2637 contigit.
1044 2550 1242 2638 Impediendi

21 2722 26 2732 ‚
97 2663 210 2720 autem
241 2655 404 2729 notionem
438 2655 616 2722 desiderari
651 2655 851 2741 praecedens
880 2657 1071 2722 vocabulum
1105 2667 1244 2736 ταχεῖαν

96 2759 211 2841 aliquo
234 2758 328 2824 modo
350 2757 496 2826 indicare
518 2758 663 2826 videtur:
690 2758 744 2842 qui
766 2778 831 2824 non
853 2779 950 2824 unam
972 2765 1096 2824 tantum
1119 2758 1242 2824 formae

95 2869 209 2926 notam
240 2860 387 2947 respicit,
420 2881 503 2945 quae
531 2862 565 2927 in
595 2862 702 2928 multis
732 2861 848 2927 similis
878 2881 949 2928 esse
972 2865 1093 2947 potest,
1129 2880 1241 2926 verum

95 2964 211 3030 omniu
238 2971 297 3030 aut
328 2966 483 3050 pleraque
517 2984 558 3031 ea
590 2984 674 3047 quae
708 2964 828 3031 formae
861 2964 957 3030 alicui
990 2963 1118 3048 propria
1150 2970 1238 3045 sunt,

94 3069 127 3134 is
152 3066 302 3134 celeriter
321 3067 623 3152 impedimentisque
645 3067 743 3132 nullis
766 3073 909 3134 retentus
931 3066 1024 3149 quasi
1047 3066 1131 3132 viam
1155 3085 1243 3132 eme-

95 3170 198 3236 tietnr
219 3178 317 3254 utque
339 3169 461 3237 formae
483 3178 633 3236 naturam
656 3177 836 3253 cognoscet.

89 3319 94 3327 -
186 3294 220 3357 p.
242 3277 369 3338 lilllrcs
402 3269 572 3359 Τοιαύτην
601 3271 638 3338 δέ
668 3296 756 3358 φημι
778 3278 896 3337 πᾶσαν
918 3263 1007 3336 εἶναι
1029 3271 1120 3349 λέξιν
1142 3271 1242 3335 πολι-

94 3373 213 3463 τικὴν,
251 3373 288 3442 ἐν
320 3365 341 3460 ᾗ
370 3373 409 3440 τὸ
440 3372 619 3462 ποιητικὸν
648 3373 852 3461 ἐμφαίνεται
879 3371 1012 3450 κάλλος.
1060 3374 1240 3440 Genuinam

92 3478 270 3545 lectionem
293 3475 453 3564 τοιαύτην
471 3475 517 3563 δή
535 3501 624 3565 φημι
638 3479 727 3544 locus
743 3476 817 3543 libri
833 3477 875 3544 dc
890 3496 917 3542 c.
933 3498 964 3542 v.
983 3496 1016 3561 p.
1031 3480 1130 3559 19710,
1156 3476 1243 3543 unde

92 3583 181 3646 haee
203 3579 341 3664 repetita
362 3587 446 3660 sunt,
474 3579 625 3647 servavit.

185 3684 381 3766 p.1113mss
418 3675 487 3748 Οάκ
521 3677 564 3748 ἀν
596 3679 824 3765 θαυμάσειεν,
869 3681 899 3748 εὶ
936 3682 1077 3770 φροντίς
1114 3679 1241 3766 ἐγίνετο

98 3791 122 3867 (ι
146 3804 229 3850 corr.
248 3803 276 3849 s.
294 3788 320 3866 e)
347 3788 567 3870 Δημοσθένει
589 3783 639 3850 ἔτι
661 3785 771 3868 μελῶν
793 3783 850 3848 καί
867 3782 1010 3870 ῥυθμῶν
1032 3783 1090 3847 καὶ
1110 3778 1241 3869 σχημά-

90 3911 168 3954 των
195 3887 253 3950 καὶ
283 3893 350 3952 τῶν
378 3881 490 3952 ἀλλων
519 3883 673 3970 πάντων,
708 3883 759 3964 οἱς
790 3880 885 3975 ἡδεῖα
914 3886 971 3950 καλ
999 3882 1083 3972 καλη
1114 3889 1243 3970 γίνεται

92 3989 264 4067 σύνθεσις
279 3991 323 4054 Μ.
363 3991 557 4056 Particulam
581 3989 631 4055 ἐ’τι
645 3990 797 4056 Reiskins
813 4009 871 4056 suo
886 3988 955 4056 iure
970 3989 1102 4054 delevit.
1139 3990 1240 4055 Prae-

90 4103 189 4160 terea
219 4112 277 4177 pro
308 4089 436 4176 ἐγίνετο
459 4093 600 4160 scribere
622 4093 731 4158 malim
756 4091 898 4178 ἐγένετο,
932 4111 1004 4158 oum
1034 4092 1139 4177 priore
1161 4092 1241 4156 Am-

89 4196 242 4264 brosiani
271 4195 409 4261 lectione
432 4194 547 4261 ductus
569 4203 636 4262 tum
659 4195 727 4262 lo'co
750 4195 822 4261 libri
846 4195 886 4262 de
909 4215 938 4260 ο.
955 4215 986 4259 v.
1008 4216 1045 4281 p.
1065 4197 1167 4284 illilus,
1200 4215 1241 4261 ex

1003 4319 1033 4367 rs
