3010 4896
504 329 545 338 -
592 291 688 374 [σε]
734 329 773 338 -
1172 287 1212 354 τε

82 487 237 570 Lysander
259 491 292 551 et
313 485 427 564 effecit,
453 493 489 551 ut
516 487 650 570 triginta
672 486 732 550 riri
760 486 1010 552 instituerentur.
1060 484 1218 568 Sequitur,

82 601 112 658 nt
136 613 211 676 pars
237 613 399 658 murorum
425 599 511 658 certe
538 593 671 676 triginta
693 593 768 656 viris
795 593 951 659 institutis
979 592 1140 657 destructa
1161 591 1216 670 sit3

82 699 161 765 cuius
189 701 237 764 rei
265 701 360 764 etiam
387 698 509 764 diserta
534 700 716 765 testimonia
738 700 875 784 Lycurgi
903 706 936 764 et
962 700 1137 764 Pausaniae
1165 722 1217 764 ex·

82 813 167 872 stant
216 806 289 891 Lyc.
316 807 348 871 in
376 805 560 872 Leocratem
587 810 607 888 ξ
630 807 669 870 61
699 797 795 891 ἡμῶν
822 797 884 890 γὰρ
911 797 932 891 ἦ
965 802 1062 884 πόλις
1084 797 1124 871 τὸ
1156 805 1217 891 μὲν

82 903 221 979 παλαιὸν
252 904 320 978 ὑπὸ
352 919 423 978 τών
454 907 633 998 τυράννων
664 909 918 999 κατεδουλώθη,
950 907 990 978 τὸ
1020 905 1052 978 δ’
1076 903 1218 998 ὕστερον

85 1011 142 1084 tat
174 1025 245 1084 τῶν
273 1015 455 1105 τριάκοντα
491 1021 548 1086 καὶ
575 1010 643 1085 ὑπὸ
667 1019 945 1104 Λακεδαιμονίων
971 1011 1014 1084 τὰ
1042 1021 1132 1106 τείχη
1160 1045 1218 1085 κα-

83 1126 217 1214 θηρέθη.
228 1130 255 1214 ¹)
309 1126 400 1192 Pane.
424 1126 453 1204 1,
477 1130 511 1204 2,
535 1129 555 1192 2
582 1122 625 1192 τὰ
651 1119 714 1213 γὰρ
746 1126 1007 1212 Θεμιστοκλέους
1034 1125 1089 1213 (so.
1112 1126 1217 1213 τείχη)

83 1273 120 1282 «-
142 1234 295 1301 exstructi
317 1239 422 1299 autem
445 1239 519 1300 sunt
545 1257 566 1300 a
587 1235 796 1300 Themistocle
822 1234 927 1300 Piraei
954 1235 1035 1299 muri
1065 1272 1106 1281 -
1134 1225 1217 1318 μετὰ

83 1333 137 1426 τὴν
170 1333 381 1429 ἀναχώρησιν
409 1339 678 1428 οἰκοδομηθέντα
705 1333 767 1428 τὴν
794 1337 923 1429 Μήδιον
952 1339 1007 1406 ἐστὶ
1033 1347 1091 1426 τῆς
1120 1331 1243 1426 ἀρχῆς·

83 1448 254 1535 καθῃρέθη
290 1455 361 1513 τών
397 1443 580 1534 τριάκοντα
618 1440 887 1532 ὀνομαζομένων.
958 1448 1049 1525 Quod
1086 1448 1113 1511 si
1150 1451 1218 1511 tum

83 1557 202 1620 demum
224 1576 331 1621 muros
354 1555 488 1621 diruisse
510 1555 707 1639 Lysandrum
731 1576 933 1633 sumeremus,
957 1575 1027 1620 eum
1047 1553 1219 1619 Athenien·

84 1684 127 1727 ses
147 1662 248 1746 pactis
270 1683 334 1726 non
357 1661 531 1738 stetissent,
558 1667 741 1747 sequoretur
763 1661 962 1746 Lysandrum
988 1661 1121 1744 triginta
1143 1661 1219 1726 viris

85 1769 140 1833 iam
162 1769 319 1834 institutis
342 1789 446 1834 muros
465 1769 607 1847 diruisse,
630 1770 664 1835 id
688 1769 771 1854 quod
795 1775 879 1834 certe
898 1789 956 1834 neo
974 1767 1138 1835 Scheibius
1161 1790 1219 1833 nec

86 1874 204 1940 Curtius
232 1875 420 1960 probabunt.
473 1877 595 1942 Deinde
624 1876 781 1942 Aristides
790 1879 816 1962 ²)
845 1897 950 1942 muros
974 1875 1122 1941 disiectos
1151 1897 1218 1941 osse

86 1982 121 2046 ab
145 1981 385 2048 Atheniensibus
412 1983 488 2065 ipsis
511 1996 633 2060 narrat,
656 1984 702 2047 ita
725 1990 761 2048 ut
783 1984 920 2047 maxima
942 1981 1054 2048 saltem
1081 2003 1154 2065 pars
1178 1981 1218 2046 ab

86 2091 125 2152 eis
150 2088 282 2153 disiecta
309 2109 376 2154 esse
402 2091 554 2154 rideatur.
604 2089 653 2153 Ex
684 2111 747 2173 quo
780 2088 947 2166 efficiatur,
979 2096 1015 2154 ut
1047 2089 1219 2173 Lysander,

87 2196 142 2260 nisi
163 2215 322 2261 murorum
344 2195 588 2262 disiciendornm
610 2196 737 2262 initium
760 2195 870 2260 iecisse
893 2200 1031 2279 putetur,
1054 2195 1134 2259 nihil
1157 2195 1218 2260 nisi

88 2302 228 2384 reliquias
246 2323 407 2367 murorum
426 2301 585 2368 deleverit.
622 2300 684 2368 Sed
703 2308 789 2367 recte
807 2303 979 2367 verendum
998 2309 1089 2386 putat
1108 2301 1219 2366 Stede-

89 2407 195 2474 seldtus
217 2431 248 2492 p.
276 2409 325 2485 13,
348 2430 388 2475 ne
410 2409 577 2474 ridiculum
600 2409 706 2492 potius
730 2397 824 2492 quam
846 2410 995 2474 sollemne
1017 2408 1219 2492 praebiturus

89 2514 177 2580 luerit
196 2515 417 2600 spectaculum,
440 2515 467 2581 si
491 2537 561 2581 cum
585 2520 634 2580 tot
657 2514 855 2580 caerimoniis
872 2515 1000 2581 ultimos
1019 2513 1219 2579 murisemi-

90 2623 147 2686 ruti
168 2621 287 2705 lapides
310 2623 379 2687 loco
398 2623 553 2688 movisset.
590 2622 733 2706 Denique
757 2623 827 2704 ipsa
849 2643 912 2705 qna
929 2621 1091 2706 Lysander
1113 2641 1219 2685 muros

91 2728 212 2794 diruerit
240 2730 323 2796 ratio
346 2729 473 2795 silentio
497 2751 559 2794 non
582 2731 816 2814 praetereunda
842 2735 898 2795 est
943 2729 1090 2817 Legimus
1113 2733 1220 2792 autem

91 2834 161 2900 haee
184 2837 267 2920 apud
295 2835 550 2920 Xenophontem:
583 2827 625 2901 τὰ
653 2838 742 2924 τείχη
770 2835 1003 2902 κατέσκαπτον
1032 2826 1093 2899 ’ὑπ’
1121 2825 1219 2920 αδλη-

92 2943 204 3026 τρίδεον
230 2947 339 3026 πολλῇ
366 2945 541 3032 προθυμίᾳ
569 2945 760 3027 νομίζοντες
787 2941 919 3029 ἐκείνην
941 2933 1003 3028 τὴν
1030 2933 1156 3027 ἡμέραν
1179 2948 1220 3022 τῇ

89 3041 203 3115 Ἑλλάδι
230 3043 342 3136 ἄρχειν
370 3058 427 3136 τῆς
455 3048 647 3136 ἐλευθερίας
669 3051 723 3136 (Η.
744 3049 781 3115 G.
801 3047 841 3126 II,
863 3051 893 3125 2,
916 3049 951 3132 3)
981 3054 1013 3113 et
1039 3047 1123 3130 apud
1146 3047 1220 3110 Plu·

95 3157 235 3221 tarchum:
264 3149 282 3222 δ
312 3148 346 3222 δ’
374 3143 436 3221 οὖν
459 3152 654 3242 Λύσανδρος
680 3147 807 3234 πολλὰς
832 3155 894 3240 μὲν
919 3154 955 3237 ἐξ
976 3148 1093 3230 ἄστεος
1120 3175 1220 3237 μετα-

96 3258 294 3347 πεμψάμενος
321 3255 533 3350 αὐλητρίδας,
564 3258 674 3340 πάσας
707 3262 742 3328 δὲ
773 3254 832 3340 τὰς
860 3261 897 3328 έν
925 3269 974 3348 τῷ
1003 3257 1220 3345 στρατοπέδῳ

158 3459 175 3514 't
191 3459 339 3527 Perperam
354 3457 496 3514 Nicoleius
515 3464 543 3513 et
561 3457 757 3524 Rehdantzius‚
776 3457 916 3513 novissimi
936 3456 1064 3522 editores,
1085 3453 1169 3507 rerba
1188 3447 1221 3506 τὸ

100 3539 121 3594 δ’
134 3535 307 3616 {tapetas
321 3551 379 3600 τῶν
397 3542 551 3618 τριάκοντα
570 3554 630 3602 erto
649 3550 799 3603 cohaerere
817 3564 878 3602 cum
898 3545 1035 3616 prioribus
1054 3547 1161 3613 putant,
1181 3541 1221 3594 ita

100 3643 123 3684 nt
139 3651 152 3688 a
168 3637 255 3690 rerbis
274 3638 323 3690 καί
341 3630 396 3692 ὑπὸ
420 3640 477 3690 τῶν
494 3637 729 3705 Λακεδαιμονίων
752 3631 787 3690 τὰ
805 3635 881 3705 τείχη
901 3631 1054 3704 καθῃρέθη
1074 3629 1221 3698 seiungen-

100 3729 146 3775 tnr:
161 3732 188 3778 ut
205 3726 278 3780 enim
292 3725 377 3779 rerba
391 3724 535 3793 sequentia
554 3726 602 3779 καί
616 3722 650 3780 ἐκ
664 3721 773 3780 τούτων
786 3720 959 3793 ἀμφοτέρων
977 3712 1222 3790 ἠλευθερώθημεν

100 3809 192 3880 docem,
216 3815 320 3869 duobus
344 3812 473 3867 membris
497 3819 624 3868 comtant
650 3813 755 3883 priora,
780 3830 892 3883 quorum
917 3811 1034 3866 alterum
1059 3803 1223 3875 exprimitur

101 3900 175 3955 verbis
196 3896 211 3971 ἢ
234 3897 316 3966 πόλις
339 3896 393 3956 ὑπὸ
417 3905 474 3956 τῶν
497 3897 642 3972 τυράννων
664 3899 877 3972 κατεδουλώθη,
905 3901 1022 3955 alterum
1047 3893 1138 3951 verbis
1165 3885 1222 3946 tuo

102 3992 147 4042 τῶν
165 3986 315 4063 τριάκοντα
337 3992 385 4044 καί
408 3983 463 4046 ὑπὸ
488 3992 721 4059 Λακεδαιμονίων
743 3988 778 4046 τὰ
801 3993 879 4063 τείχη
903 3986 1068 4060 καθηρέθη;
1097 3982 1125 4035 ld
1149 3979 1223 4034 enlm

103 4075 173 4145 ipsun
195 4082 265 4151 quod
289 4079 360 4135 muri
383 4079 516 4136 destructi
540 4085 631 4147 erant,
654 4078 773 4136 servitus
798 4089 922 4137 extrema
946 4084 974 4132 et
997 4069 1141 4130 calamitas
1159 4085 1224 4136 gra·

103 4165 195 4225 r'nsins
212 4170 375 4226 habebatur.

174 4258 194 4326 'l
214 4259 331 4315 Rhodl
350 4275 376 4328 p.
390 4260 442 4314 822
460 4258 523 4314 Ddi.
546 4255 699 4328 Ἀθηναίων
717 4263 765 4328 τῆς
784 4253 937 4331 ἡγεμονίας
956 4244 1156 4322 ῦΐὲθδθένῑων
1176 4247 1229 4300 καὶ

104 4337 131 4395 rt
145 4347 213 4417 τείχη
230 4355 292 4412 ταῖς
311 4343 421 4402 ἑαυτῶν
438 4349 520 4420 χερσί
539 4344 796 4418 κατασκαψάντυν.
