3010 4896
256 301 298 369 se
692 339 730 350 -
780 299 875 386 [raa]
924 337 965 350 -

256 500 333 565 data
360 498 401 564 ad
424 498 622 582 Lysandrum
650 500 779 565 missum
801 519 869 566 esse
897 498 1020 576 seimus,
1047 518 1146 582 prope
1168 495 1279 561 urbem
1303 494 1400 579 ipsam

257 608 376 673 diutius
408 611 474 672 tres
506 627 629 672 menses
656 611 884 672 commoratum
916 627 983 672 esse
1015 603 1199 689 persuaderi
1229 603 1309 668 mihi
1341 624 1400 668 non

256 715 369 798 patior,
397 715 452 780 sed
476 719 562 782 certe
589 715 673 798 apud
696 713 893 800 Lysandrum
917 712 1052 777 Athenis
1079 710 1241 776 absentem
1262 716 1402 774 moratus

257 829 311 887 est.
358 821 423 886 Ubi
446 828 553 889 autem
574 828 651 888 tuno
673 820 832 905 temporie,
855 841 918 904 quo
942 818 1054 885 Samus
1078 819 1146 884 sola
1168 817 1208 882 ab
1227 816 1401 883 Athenien-

256 929 343 994 sibus
371 951 433 994 non
461 930 633 1007 deiecerat,
664 928 862 1013 Lysandrum
890 933 1050 993 versatum
1076 946 1200 1010 quaque
1228 923 1262 988 in
1289 945 1324 990 re
1353 945 1403 990 oo-

256 1042 405 1120 cupatum
428 1057 495 1102 esse
517 1037 699 1122 putabimus
721 1034 783 1100 uisi
806 1035 839 1098 iu
864 1033 957 1100 Samo
981 1035 1086 1100 insula
1107 1031 1303 1099 obsidenda?
1348 1031 1404 1097 Sat

258 1143 355 1226 igitur
378 1142 543 1228 probabile
567 1149 623 1221 est,
646 1142 845 1228 Lysandrum
867 1161 982 1226 magna
1006 1145 1098 1224 parte
1121 1140 1247 1206 navium
1270 1139 1403 1204 Athenis

256 1251 368 1316 relicta
391 1251 424 1316 in
448 1251 556 1316 Asiam
578 1251 619 1316 ad
644 1249 765 1316 Samios
789 1250 980 1334 subigendos
1002 1247 1179 1332 profectum
1202 1269 1269 1313 esse
1296 1245 1403 1330 ibique

257 1363 426 1434 moratum3
463 1360 563 1424 donec
593 1358 791 1424 Athenarum
827 1357 1020 1424 deditionem
1056 1357 1176 1420 instare
1208 1359 1402 1439 compertum

165 1497 169 1504 ⁴
257 1466 396 1532 haberet.
459 1466 527 1531 Iam
558 1467 751 1552 oppugnatio
783 1470 850 1530 tum
887 1464 1068 1530 intermissa
1098 1462 1233 1528 Athenis
1265 1463 1402 1538 traditis„

256 1575 440 1658 priusquam
471 1573 604 1657 triginta
639 1573 698 1638 viri
735 1572 873 1638 instituti
906 1577 992 1650 sunt,
1029 1571 1132 1637 denuo
1169 1575 1314 1655 suscepta
1346 1575 1402 1635 est.

258 1681 338 1746 Nam
366 1687 399 1745 et
425 1680 536 1766 Lysias
563 1685 595 1746 et
622 1680 780 1744 Diodorus
812 1679 853 1745 ad
886 1701 939 1745 eos
966 1677 1179 1745 instituendos
1207 1677 1405 1762 Lysandrum

259 1788 352 1853 Samo
380 1789 567 1853 arcessitum
589 1809 656 1852 esse
678 1794 818 1852 narrant.
869 1787 1012 1870 Denique
1036 1793 1162 1870 captam
1185 1806 1253 1850 esse
1276 1783 1406 1850 Samum

258 1896 391 1979 triginta
421 1896 498 1960 viris
531 1896 592 1960 iam
624 1895 779 1961 institutis
812 1915 910 1986 eaque
943 1899 1035 1978 capta
1066 1893 1160 1958 finem
1196 1893 1295 1956 totius
1328 1889 1405 1956 belli

257 2003 430 2067 adductum
453 2001 712 2086 Lysandrumque
740 2004 868 2068 domum
895 2001 1070 2086 profectum
1097 2023 1174 2078 esse,
1200 1998 1406 2084 Xenophonti

258 2108 351 2174 facile
375 2110 539 2176 credimus.

802 2343 863 2427 vl.

347 2537 434 2602 Haeo
461 2536 631 2614 habebam,
660 2561 740 2622 quae
764 2539 934 2604 scriberem
957 2539 997 2604 de
1024 2539 1106 2604 serie
1133 2559 1252 2616 rerum;
1278 2541 1407 2619 addam,

260 2645 395 2729 quibus
427 2644 592 2731 quidque
629 2646 717 2711 anni
754 2645 988 2730 temporibus
1025 2645 1266 2712 tribuendum
1299 2648 1407 2713 vide·

259 2758 352 2818 atur.
402 2752 449 2817 Ac
480 2751 542 2816 duo
575 2758 649 2818 suut
681 2752 779 2833 facta,
810 2775 891 2836 quae
923 2755 1006 2820 inter
1033 2758 1138 2818 cetera
1165 2754 1304 2820 eminent
1331 2760 1409 2839 post

258 2880 396 2942 pugnam
419 2859 504 2942 apud
532 2858 778 2943 Aegospotamos
807 2861 1014 2938 commissam,
1042 2859 1186 2927 Athenae
1214 2863 1344 2927 deditae
1374 2868 1409 2928 et

259 2967 393 3050 triginta
415 2967 475 3031 viri
498 2967 645 3034 instituti.
692 2969 759 3033 lam
782 2967 821 3033 de
840 2968 1037 3034 Athenarum
1060 2967 1239 3033 deditarum
1261 2975 1410 3055 tempore

259 3073 287 3138 si
319 3075 509 3157 quaerimus,
541 3073 624 3138 forte
660 3075 789 3140 iomuna
824 3077 945 3159 ipsum
981 3076 1092 3154 diem,
1129 3098 1200 3158 quo
1231 3077 1410 3145 Athenae

260 3188 342 3247 sunt
368 3181 550 3258 traditae,
579 3201 616 3245 ex
640 3181 823 3248 Plutarohei
849 3183 990 3261 novimus
1013 3183 1169 3268 Lysandri
1197 3205 1223 3249 c.
1243 3183 1302 3250 XV
1326 3178 1347 3251 ὁ
1375 3179 1410 3253 d’

260 3275 323 3352 οὖν
357 3283 553 3373 Λύσανδρος
589 3279 635 3364 ὡς
671 3288 837 3376 παρέλαβε
869 3287 929 3369 τάς
963 3313 1000 3355 τε
1037 3297 1118 3368 ναῦς
1150 3284 1281 3370 ἁπάσας
1316 3287 1412 3382 πλὴν

261 3390 392 3460 δώδεκα
423 3396 480 3459 καὶ
511 3385 553 3458 τὰ
586 3397 675 3483 τείχη
704 3388 890 3482 Ἀθηναίων
923 3393 1001 3481 ἕκτῃ
1035 3395 1089 3462 ἐπὶ
1122 3395 1244 3483 δεκάτῃ
1276 3403 1411 3467 Μουνι-

257 3507 380 3585 χιῶνος
406 3493 519 3586 μηνὸς,
548 3500 585 3566 ἐν
606 3491 627 3586 ᾗ
650 3505 707 3568 καὶ
733 3495 795 3590 τὴν
820 3502 855 3568 ἐν
879 3507 1044 3589 Σαλαμῖνι
1071 3507 1257 3590 ναυμαχίαν
1279 3505 1412 3576 ἐνίκων

259 3600 322 3672 τὸν
353 3603 534 3694 βάρβαρον,
567 3604 766 3690 ἐβούλευσεν
794 3603 898 3688 εὐθὺς
929 3614 986 3677 καὶ
1017 3603 1078 3698 τὴν
1105 3613 1279 3679 πολιτείαν
1307 3639 1413 3700 μετα-

260 3721 384 3801 στῆσαι.
423 3714 519 3779 Cuius
542 3717 715 3782 testimonii
737 3719 784 3783 vis
809 3719 882 3784 inde
901 3719 1099 3804 aliquantum
1121 3719 1252 3804 infringi
1270 3721 1414 3803 videtur,

260 3824 342 3906 quod
365 3843 504 3906 pugnam
523 3821 727 3890 Salaminiam
750 3832 836 3890 certe
854 3833 1006 3890 autumno
1030 3825 1104 3891 anni
1122 3826 1189 3891 480
1207 3828 1414 3896 commissam

260 3949 327 3993 esse
345 3935 477 3994 constat.
507 3929 574 4007 Qua
594 3953 628 3995 re
647 3936 821 3997 commotus
839 3931 881 3997 lo.
892 3932 1072 4018 Droysenus
1082 3932 1108 4021 ¹)
1123 3955 1223 4019 nuper
1237 3933 1415 4016 dubitavit,

259 4056 335 4099 num
362 4033 439 4101 fides
467 4035 616 4102 habenda
639 4045 721 4104 essct
749 4037 928 4106 Plutarcho.
973 4039 1040 4107 Neo
1065 4047 1172 4107 tamen
1195 4043 1415 4112 omittendum

349 4285 368 4352 ¹)
386 4286 423 4339 Io.
444 4285 569 4357 Droyscn
592 4285 626 4342 de
646 4287 844 4358 Demophanti,
868 4289 1046 4359 Patroclidis,
1065 4289 1205 4348 Tisamenl
1229 4292 1414 4362 populiscitis

260 4389 330 4442 quae
342 4373 446 4431 inserta
457 4383 520 4430 suut
530 4376 681 4433 Andocidis
691 4377 809 4433 orationi
824 4381 890 4449 περὶ
903 4381 1073 4452 μυστηρίων.
1093 4381 1303 4437 Berolini1873.
1324 4402 1356 4455 p.
1368 4390 1414 4445 26,
