3034 4896
721 312 936 374 -30-2·

265 499 449 580 (645-69),
475 505 586 564 eontra
600 497 843 582 primordiorum
858 497 984 564 ratium
998 495 1215 581 prohibeatur,
1233 516 1275 563 ne
1289 496 1396 562 omnia

259 599 432 684 primordia
454 621 496 670 ex
517 600 649 674 eadem,
675 621 770 684 quarn
792 620 852 666 nos
873 600 1038 684 percipere
1059 598 1235 683 possimus,
1262 599 1397 664 materia

261 704 347 769 facto
369 703 433 770 sint
459 707 532 786 (675
547 741 584 752 -
599 706 687 786 089),
718 710 751 769 et
772 723 793 771 a
815 723 967 770 sensuum
995 703 1130 770 veritate
1159 701 1334 784 deiiciatur,
1368 703 1398 768 si
1498 703 1499 720 ¹

261 812 384 872 netues
407 825 518 877 omues
540 825 592 873 res
615 805 788 880 exsatiem
802 804 938 874 materia
951 805 1077 888 genitas
1092 823 1165 872 osse
1185 806 1392 885 [fist-tote

403 918 594 992 quopropter
616 908 672 994 qui
691 908 855 974 materiem
876 930 982 974 rerum
1004 929 1069 974 esse
1087 915 1245 988 peramat

403 1012 508 1095 &nem
529 1021 623 1096 etque
645 1034 683 1078 ea
704 1012 773 1096 iperi
791 1033 943 1076 summm
965 1011 1131 1074 emwtstere
1150 1031 1253 1092 pesae,
1499 1065 1500 1098 p

260 1119 356 1196 atque
378 1133 433 1182 eos
456 1134 585 1193 omnes,
611 1114 665 1196 qui
688 1114 853 1184 materiam
884 1113 1108 1198 principialem
1137 1113 1208 1180 sire
1227 1131 1305 1180 aere
1327 1112 1397 1178 sire
1499 1161 1500 1166 1

261 1235 377 1298 aquam
400 1215 469 1284 sive
491 1223 608 1282 terram
630 1215 802 1296 finxerunt,
920 1265 923 1272 .

357 1323 415 1384 711
442 1341 630 1406 mepaopere
652 1342 672 1384 a
695 1341 766 1384 cere
790 1320 879 1402 Iotape
901 1319 1043 1382 derrasse
1066 1318 1222 1382 enitentur.

262 1423 304 1486 At
325 1421 436 1488 dedite
457 1442 555 1506 opero
579 1421 760 1490 Lucretium
783 1422 857 1488 ilios
879 1420 960 1486 duos
982 1439 1095 1486 versus
1118 1421 1209 1487 brevi
1224 1421 1329 1505 spatio
1345 1422 1399 1487 in·
1500 1487 1501 1500 2

261 1523 407 1591 termisso
440 1525 609 1608 repetiisse
642 1545 752 1596 nemo,
789 1523 903 1604 credo,
933 1522 1121 1590 oontendot:
1160 1524 1218 1590 sed
1247 1525 1330 1592 bene
1359 1545 1399 1592 ea
1500 1515 1501 1530 ¹

261 1645 359 1693 causa
375 1626 438 1694 huo
452 1627 560 1692 afferri
576 1646 670 1712 posse
682 1626 818 1706 videtur,
838 1646 931 1710 quam
945 1625 1181 1702 Lachmannus,
1196 1645 1269 1694 eum
1283 1647 1399 1694 versus
1500 1613 1501 1648 ³

263 1728 324 1808 VI,
350 1731 497 1794 85-89
526 1736 561 1793 ut
589 1729 724 1813 abipso
748 1737 843 1814 poeta
864 1729 999 1813 scriptos
1021 1727 1218 1804 defenderet,
1243 1731 1396 1813 protulit:

261 1831 365 1915 priore
387 1832 456 1898 loco
478 1839 729 1916 —repetuntur
752 1832 837 1898 enim
860 1831 920 1911 VI,
947 1832 1088 1896 87—89
1116 1829 1149 1898 in
1178 1831 1290 1898 eodem
1315 1833 1399 1901 libro

261 1934 407 2000 versibus
430 1937 587 2017 sss-5,
621 1934 662 2000 do
691 1955 754 2016 que
776 1953 810 1998 re
832 1933 909 2017 quid
931 1953 992 2016 ogo
1015 1934 1166 2013 sentiam,
1192 1954 1246 2018 pg.
1274 1937 1314 2000 78
1338 1956 1399 2002 ex·
1501 1972 1502 1984 ι

263 2057 380 2122 ponam
408 2074 448 2087 -
480 2057 535 2104 eos
569 2038 610 2102 ab
641 2037 731 2104 initio
761 2037 898 2120 scriptos
928 2055 1017 2114 esse;
1051 2036 1167 2102 deinde
1196 2057 1268 2104 curu
1302 2039 1398 2110 alteri

262 2140 402 2224 aptiores
431 2139 626 2218 viderentur,
659 2147 788 2224 poetam
817 2158 872 2204 eos
898 2139 1080 2223 repetiisse,
1113 2159 1184 2204 oum
1213 2140 1247 2204 in
1276 2147 1398 2208 reuse

261 2242 360 2310 tando
393 2243 535 2310 carmine
568 2243 673 2328 priore
702 2243 772 2308 loeo
805 2249 982 2308 remoturus
1016 2250 1113 2308 esset.
1162 2242 1255 2310 Duae
1286 2251 1398 2310 tamen

262 2354 336 2412 sunt
358 2365 486 2426 causae,
513 2366 569 2412 cur
590 2345 625 2410 id
647 2346 753 2412 minus
768 2345 930 2430 probetur.
970 2345 1088 2412 Vocem
1103 2345 1188 2411 enim
1203 2355 1399 2432 quapropter

261 2447 347 2534 apud
376 2449 560 2516 Lucretium
589 2447 802 2514 conclusionis
832 2455 971 2527 tantum,
1003 2469 1067 2514 non
1097 2447 1295 2514 transitionis
1326 2451 1398 2516 loco
1502 2462 1503 2492 ³

261 2552 336 2635 poni
359 2551 410 2616 his
433 2551 557 2617 duobus
578 2551 658 2617 locis
680 2551 827 2618 docetur:

283 2655 324 2734 11,
352 2658 392 2718 37
417 2663 668 2740 quapropter
689 2655 836 2740 quonr'am
858 2654 906 2718 att
926 2663 1030 2718 nostro
1053 2653 1086 2717 in
1109 2677 1251 2738 corpore
1257 2677 1358 2739 pezae

414 2757 584 2842 preficiunt
605 2780 703 2842 neque
724 2759 871 2822 nobilitas
892 2780 948 2832 ace
969 2757 1075 2840 pieria
1096 2758 1197 2842 repsi,

415 2862 501 2945 quod
513 2869 663 2944 superest,
682 2861 786 2926 ausimo
803 2883 923 2945 quoque
938 2861 986 2925 nit
995 2862 1144 2944 prodesse
1153 2863 1345 2942 putendum.

260 2963 313 3042 VI,
333 2964 394 3028 998
418 2985 570 3047 quapro
574 2972 681 3046 pter,
706 2965 781 3028 bene
803 2963 859 3026 eoi
878 2963 954 3026 daec
976 2963 1162 3046 corfirmetur
1182 2971 1275 3046 utque
1289 2963 1396 3028 locate

413 3067 517 3129 omerio
540 3065 736 3130 constiterint
757 3066 846 3130 nobis
864 3074 1035 3148 praeposta
1051 3073 1182 3148 parata,

413 3170 498 3253 quod
518 3177 670 3251 superest,
686 3169 793 3255 facile
815 3168 888 3232 hinc
908 3168 991 3233 retio
1013 3169 1162 3232 reddetur
1184 3177 1215 3232 et
1237 3169 1337 3232 omnis

414 3293 509 3334 cauca
525 3271 666 3354 patefiet,
693 3271 880 3357 praeferri
895 3271 1039 3353 pelliciat
1061 3271 1131 3336 eim.

260 3373 391 3440 Ceteros
403 3375 490 3440 locos
502 3395 612 3440 omnes
628 3375 756 3456 contuli,
777 3374 835 3440 sed
850 3395 934 3443 nuno
951 3374 1078 3456 quidem
1095 3393 1298 3440 enumerasse
1315 3375 1396 3438 satis

259 3475 380 3541 habeo:
405 3477 431 3558 Ι,
461 3480 532 3540 127.
559 3480 632 3541 398.
655 3482 728 3541 557.
752 3480 846 3560 (705.)
876 3480 949 3540 794.
974 3477 1016 3556 II,
1039 3481 1111 3540 155.
1130 3478 1204 3540 238.
1224 3479 1297 3544 297.
1318 3479 1393 3540 313.

259 3581 334 3641 442.
363 3584 455 3644 1040.
485 3582 578 3645 1081.
607 3579 672 3662 111,
703 3583 774 3644 130.
800 3581 874 3643 668.
907 3581 981 3643 077.
1014 3583 1087 3642 711.
1120 3577 1175 3658 lv,
1212 3583 1283 3640 154.
1319 3581 1393 3641 191.

259 3683 331 3744 237.
360 3686 433 3745 610.
460 3683 499 3762 V,
526 3685 599 3748 243,
625 3686 698 3748 581.
730 3688 867 3762 (versum
889 3680 931 3761 11,
959 3683 1020 3745 998
1044 3681 1187 3764 spurium
1209 3681 1293 3763 puto)
1313 3684 1350 3755 ¹).

330 3871 346 3930 ¹)
368 3869 484 3924 Versum
504 3869 546 3932 li,
566 3872 616 3922 993
634 3871 757 3942 spurium
777 3885 838 3924 esse
858 3883 940 3939 spero
959 3883 1153 3925 concessurum
1172 3882 1247 3926 esse,
1267 3867 1395 3936 quicum-

261 3969 315 4024 que
334 3954 405 4009 hunc
425 3956 514 4010 iocum
533 3956 689 4010 accuratius
708 3956 823 4024 legerit:
1195 3953 1197 3958 '

379 4041 426 4092 991
448 4041 560 4112 denique
578 4041 687 4094 caelesti
700 4059 791 4095 eumue
809 4057 898 4092 oriones
915 4040 1013 4093 sentina
1030 4037 1153 4090 oriundi:

448 4129 568 4180 omnihus
586 4127 631 4180 iile
649 4128 718 4182 idem
735 4133 813 4196 pater
830 4131 877 4190 ert,
897 4125 966 4178 unde
984 4125 1058 4177 alera
1075 4125 1199 4192 &uentis

451 4214 552 4266 umoris
568 4217 660 4281 patrae
677 4217 762 4266 ructor
779 4231 839 4265 curn
858 4219 933 4264 terro
950 4211 1060 4282 recepit,
