2982 4884
531 391 576 402 -
623 356 706 438 [οτι]
753 393 798 404 -
1170 359 1230 421 τοι

49 603 52 606 .
180 563 212 628 p.
242 547 381 609 10611555
418 549 533 610 Ταῦτα
563 544 627 626 μὲν
656 531 716 610 σύν
744 544 847 628 χωρὶς
877 541 1006 629 ἑκάστῳ
1037 552 1103 611 τῶν
1131 553 1232 629 τριιῖιν

93 644 306 729 πλασμάτων
327 648 607 733 παρακολουθεῖν
629 646 717 735 ἐφην
738 648 796 712 καί
819 645 854 712 ἐκ
877 646 1006 714 τούτων
1034 641 1150 736 ἠξίουν
1172 646 1232 736 τήν

91 754 342 837 Δημοσθένους
364 748 509 834 δύναμιν
530 748 710 838 πεφυκότα
733 752 796 833 μὲν
817 752 875 815 καί
897 764 968 828 τοῖς
986 747 1102 828 άλλοις
1117 776 1231 838 παρα-

90 857 275 920 κολουθεῖν
297 853 490 938 πλάσμασι,
517 861 699 943 κρατίστην
722 850 755 920 δ’
775 849 860 938 ὅφιν
885 854 1006 937 ἔχοντα
1028 856 1086 920 καλ
1109 853 1230 941 ἐκπρε-

92 953 266 1045 πεστάτην
288 956 325 1025 ἐν
347 956 478 1035 τούτοις
502 971 573 1036 τοῖς
596 963 743 1043 χωρίοις.
791 961 930 1026 Verbum
959 953 1075 1045 ἠξίουν
1096 958 1230 1024 infiniti-

88 1079 166 1123 vum
190 1057 335 1124 additum
361 1060 525 1144 postulare
548 1059 739 1144 Sylburgius
762 1067 794 1125 ct
816 1059 966 1124 Reiskius
989 1061 1225 1126 intellexerunt.

88 1181 227 1243 quocum
248 1161 304 1228 ille
329 1159 485 1241 ἐξετάσαι
510 1158 654 1244 δύναμιν
683 1162 863 1247 proposuit,
900 1161 951 1228 hic
981 1159 1150 1242 ἐξετάζειν
1177 1165 1228 1230 vel

87 1263 289 1346 βασανίζειν
310 1266 364 1332 vel
393 1263 588 1348 δοκιμάζειν
616 1262 771 1348 δύναμιν.
819 1267 931 1331 Paullo
959 1266 1067 1342 verius
1097 1267 1228 1333 Reiskio

90 1368 173 1434 duce
195 1369 241 1434 ita
263 1369 401 1435 scribere
424 1369 503 1434 mihi
532 1368 642 1435 videor
674 1367 708 1434 ἐκ
739 1366 868 1434 τούτιον
888 1366 1091 1457 (ἐξετάζειν)
1114 1363 1229 1457 ἠξίουν

88 1469 152 1558 τὴν
173 1475 421 1558 Δημοσθένους
448 1469 602 1553 δύναμιν,
635 1473 675 1538 cl.
702 1494 735 1556 p.
755 1476 844 1537 75511
875 1470 971 1556 παρὰ
1001 1471 1060 1538 τὸν
1089 1468 1228 1556 άριστον

86 1581 157 1640 τιῖιν
179 1571 255 1640 τότε
279 1571 431 1661 ῥητόρων
453 1571 532 1652 τούς
560 1573 666 1652 ίδίους
695 1572 915 1654 ἐξετάζειν
944 1569 1066 1663 ἠξίου
1094 1574 1225 1661 λόγους.

86 1679 165 1744 Mox
188 1678 357 1764 participia
379 1675 558 1766 πεφυκότα
588 1687 621 1744 et
649 1677 769 1761 ἔχοντα
798 1699 879 1745 sana
906 1699 971 1745 non
1000 1687 1090 1760 sunt,
1125 1701 1228 1764 neque

84 1803 174 1866 quae
189 1782 341 1848 Rciskins
364 1783 460 1850 scribi
483 1783 585 1849 voluit
607 1781 802 1870 πεφυκότος
824 1791 857 1849 et
872 1781 1008 1865 ἐ’χοντος
1029 1803 1137 1849 veram
1153 1803 1229 1849 sen-

83 1886 221 1952 tentiam
244 1885 450 1952 adsecuntur.
498 1890 704 1974 Λημοσθένη
728 1891 910 1974 κρατίστην
933 1883 1017 1964 ὄψιν
1046 1885 1137 1968 ἐχειν
1162 1937 1168 1951 .
1190 1937 1224 1950 ..

84 1987 126 2055 ἐν
148 1986 282 2066 τούτοις
304 2001 375 2066 τοῖς
396 1993 534 2076 χωρίοις
557 1989 620 2056 (11σί
643 1990 762 2074 nequit,
792 2011 863 2056 cnm
886 1989 1000 2057 eadem
1023 1990 1063 2056 de
1086 1988 1226 2073 δυνάμει

83 2093 209 2177 optime
240 2092 481 2178 praedicentur3
514 2092 556 2158 cf.
587 2113 620 2178 p.
642 2096 738 2158 10615
768 2086 852 2157 καθ’
879 2091 897 2158 ὃ
926 2090 1073 2176 μάλιστα
1104 2098 1229 2178 χωρίον

83 2193 212 2283 ἑκάστη
246 2202 313 2260 τιῖιν
346 2189 474 2281 άρετιῐνν
502 2191 588 2280 ὅφιν
617 2189 754 2283 ἡδίστην
782 2195 862 2278 ἐχει.
909 2198 1016 2280 Legas
1044 2196 1159 2279 igitur:
1193 2193 1227 2260 ἐκ

82 2298 220 2366 τούτων
233 2297 436 2388 (ἐξετάζειν)
451 2294 568 2386 ἠξίουν
582 2297 643 2387 τὴν
657 2304 905 2387 Δημοσθένους
921 2297 1065 2382 δύναμιν
1087 2323 1138 2364 πε
1148 2323 1174 2386 φ
1183 2323 1228 2364 υ-

82 2414 216 2468 κυῖαν
237 2403 301 2484 μὲν
323 2404 380 2468 καλ
402 2415 473 2480 τοῖς
497 2397 611 2479 άλλοις
634 2403 914 2488 παρακολουθεῖν
931 2399 1119 2485 πλάσμασι,
1146 2424 1228 2486 κρα-

82 2511 206 2593 τίστην
228 2499 262 2570 δ’
281 2503 366 2590 ὅφιν
388 2505 405 2571 ἐ
413 2527 571 2588 χουσαν
592 2507 649 2570 καὶ
665 2503 942 2594 ἐκπρεπεστάτην
957 2504 994 2572 ἐν
1009 2503 1141 2583 τούτοις
1157 2518 1228 2582 τοῖς

81 2613 238 2696 χωρίοις.

175 2765 209 2829 p.
227 2747 352 2810 1063555
379 2744 420 2811 01
435 2743 520 2810 κατὰ
536 2743 597 2832 τήν
613 2741 718 2833 αὐτὴν
734 2739 866 2834 ἠλικίαν
882 2739 1094 2829 ἀκμάσαντες
1111 2744 1225 2830 ἐκείνην

79 2843 326 2930 θαυμάζοντες
349 2846 386 2912 δὲ
408 2846 504 2935 δῆλοί
529 2845 616 2914 εἰσιν
645 2843 749 2914 αύτὸν
776 2849 957 2925 καλοῦντες
986 2847 1108 2934 ταύτης
1136 2846 1226 2931 [ταύ-

79 2975 146 3038 την
169 2953 197 3035 ε]
223 2947 370 3033 μάλιστα
400 2957 458 3038 της
484 2946 656 3034 εὐτεχνίας
677 2953 742 3017 Μο.
788 2952 963 3019 Verissimc
985 2951 1138 3018 Reiskins
1169 2971 1225 3036 pro

79 3055 120 3120 δὲ
145 3054 277 3139 scripsit
299 3077 334 3119 τε
363 3061 396 3120 et
425 3075 465 3120 ex
493 3075 571 3120 voce
600 3055 781 3131 καλοῦντες
810 3055 919 3120 elicuit
949 3055 1005 3120 καλ
1036 3054 1223 3142 ζηλοῦντες.

81 3159 206 3225 Cetera
238 3157 338 3223 verba
371 3157 456 3241 quod
489 3165 592 3224 mutat
619 3158 783 3244 Sylburgii
819 3158 1011 3244 exemplaris
1041 3157 1225 3224 accusativo

80 3259 214 3347 ταύτην
246 3261 279 3325 ni
313 3260 409 3326 fallor
442 3267 640 3327 commotus:
677 3258 913 3344 θαυμάζοντές
947 3285 981 3326 τε
1016 3260 1112 3348 δήλοί
1141 3259 1227 3326 εἰσιν

81 3357 196 3430 αὐτοῦ
228 3364 285 3428 καί
314 3361 492 3450 ζηλοῦντες
520 3361 645 3452 ταύτην
675 3363 821 3448 μάλιστα
850 3361 910 3450 τήν
936 3358 1125 3445 εύτεχνίαν,
1163 3384 1226 3429 non

79 3468 198 3554 probo.
238 3466 444 3532 Ambrosiani
466 3467 560 3534 lectio
581 3468 616 3532 in
637 3467 688 3534 his
706 3475 792 3534 certe
814 3467 896 3533 nihil
911 3467 1019 3548 habet,
1046 3488 1107 3550 quc
1123 3468 1227 3533 offen-

78 3573 151 3636 dat.
202 3569 254 3636 Cf.
279 3592 311 3655 p.
334 3572 431 3636 10250
453 3577 511 3656 τής
542 3565 573 3635 δ’
600 3565 844 3658 ἀπειροκαλίας
875 3565 979 3638 αύτὸν
1008 3564 1223 3637 οὐδεπώποτ’

79 3671 253 3761 ἐζήλωσα.

173 3834 206 3896 p.
229 3815 352 3877 10645ε5
376 3809 467 3892 Καίῑ]
495 3804 570 3892 ούχί
592 3810 690 3877 τοῦτό
712 3833 767 3875 πω
785 3809 978 3894 θαυμάζειν
993 3805 1132 3892 άξιον21,
1153 3803 1222 3873 ἀλλ’

81 3911 140 3983 ὅτι
164 3915 223 3981 καὶ
244 3921 423 4000 μαρτυρῶν
445 3914 598 4000 πολλαχῇ
622 3911 682 4002 τήν
704 3908 826 4003 άρετήν
846 3922 891 4000 τῷ
907 3913 1022 4002 ῥήτορι
1039 3911 1225 3999 κατάδηλός

78 4019 158 4084 ἐστι
185 4019 242 4082 καλ
266 4017 373 4104 ζηλῶν
394 4021 449 4099 (sc.
462 4015 652 4104 Αἰσχίνηςλ-
701 4017 781 4083 Cum
804 4019 844 4084 de
861 4019 930 4083 scia
947 4018 980 4081 in
995 4015 1223 4100 componendis

78 4176 292 4190 -—

158 4277 173 4338 ¹]
197 4274 244 4328 καὶ
262 4273 378 4329 Reisk.:
405 4271 500 4338 ἢΜΒ
523 4275 535 4338 n
564 4274 580 4336 ²2
606 4271 685 4335 ἄξιον
703 4275 767 4330 add.
788 4291 843 4344 mg.
863 4275 923 4329 cod.
945 4273 1027 4328 Bodl.
