2982 4884
517 401 559 413 -
608 365 692 448 [τοι]
740 399 781 410 -

610 603 682 668 VII.

323 740 362 790 In
379 741 549 802 epistulam
567 741 608 792 ad
626 743 811 794 Ammaeum
828 741 975 802 priorem.

168 876 204 940 P.
223 875 329 941 732ιεε
348 869 386 942 ‘0
407 875 471 958 μὲν
493 865 554 943 ούν
567 874 800 964 Ἀριστοτέλης
821 867 908 961 ύπὲρ
932 873 1055 941 ἑαυτοῦ
1069 880 1218 963 γέγραφε

78 975 335 1065 μαρτυρόμενος
361 977 558 1066 διαρρήδην,
595 974 648 1045 ότι
678 978 738 1058 τὰς
767 977 945 1067 ῥητορικάς
972 983 1091 1062 τέχνας
1121 1001 1218 1046 συνε-

79 1079 207 1162 τάξατο
237 1079 466 1169 πρεσβύτερος
492 1077 539 1148 ὢν
568 1077 628 1171 ήδη
659 1084 717 1149 καὶ
745 1081 806 1161 τὰς
836 1087 1016 1168 κρατίστας
1044 1081 1218 1164 συντάξεις

79 1183 352 1272 προεκδεδωκώς.
377 1179 473 1254 ταῦτ’
492 1183 585 1253 ἐστὶν
606 1177 712 1267 ἐξιόν
733 1185 751 1253 ὃ
767 1185 977 1273 προειλόμην
992 1193 1133 1274 ποιήσαι
1149 1211 1217 1273 φα-

78 1284 205 1374 νερὸν.
226 1335 262 1352 ..
289 1286 410 1366 ίκανδις
433 1281 681 1372 ἀποδεδεῖχθαι
701 1289 840 1373 νομίζω.
881 1289 1082 1356 Praeoedunt
1103 1289 1153 1355 his
1176 1309 1217 1356 ex

78 1392 264 1460 Aristotelii!
291 1392 371 1458 ariis
399 1391 577 1460 rhetoricae
603 1393 774 1478 desumpta
795 1393 817 1458 I.
842 1393 894 1458 12
922 1413 955 1478 p.
978 1389 1215 1459 ἥσσω-λιι.

79 1495 169 1562 Satis
191 1495 345 1580 languido
373 1495 468 1565 modo
490 1497 589 1563 verba
617 1490 634 1562 ό
658 1496 721 1579 μὲν
743 1485 805 1562 οόν
830 1547 837 1560 .
859 1545 865 1560 .
886 1545 894 1561 .
919 1500 1067 1583 γέγραφε
1097 1496 1218 1563 adnm-

78 1605 200 1678 tuntm,
227 1619 299 1664 oum
321 1618 426 1682 neque
449 1619 567 1680 eorum,
594 1619 676 1684 quae
698 1607 951 1680 antecesserunt,
978 1600 1059 1666 ratio
1074 1600 1142 1665 ulla
1156 1599 1217 1667 ha-

78 1703 206 1785 beatur,
231 1708 264 1768 ei
283 1699 417 1768 verbum
432 1706 581 1790 γέγραφε
596 1703 719 1770 obiecto
737 1703 820 1769 male
836 1709 956 1769 eareat.
1002 1704 1050 1770 Ao
1071 1721 1112 1768 ne
1134 1703 1217 1770 aite-

79 1825 152 1872 rum
175 1803 304 1888 quidem
327 1804 527 1872 enuntiatum
557 1799 654 1872 ταῦτ)
681 1803 773 1871 ἐστὶν
794 1805 864 1870 κτλ.
897 1805 979 1871 beno
1008 1825 1081 1871 eum
1110 1805 1217 1890 piore

20 1919 23 1926 '
79 1907 299 1991 coniungitur,
325 1928 397 1974 eum
420 1915 525 1974 ταῦτα
548 1907 591 1974 εδ
605 1907 787 1976 Arintotelin
802 1909 902 1975 verba
916 1908 1042 1976 rediens
1058 1928 1108 1990 ea,
1134 1927 1218 1991 quae

76 2011 270 2097 Interposita
292 2017 365 2077 sunt
391 2005 419 2095 (ό
435 2011 499 2094 μὲν
514 2000 575 2077 ούν
590 2048 630 2060 -
647 2009 931 2096 προεκδεδωκώς),
958 2031 1088 2096 prorsus
1103 2012 1217 2096 negle-

75 2123 145 2200 gat.
186 2113 275 2192 Quas
296 2113 501 2182 difficultates
516 2113 680 2182 lenissimo
696 2113 788 2181 modo
802 2115 851 2182 im
864 2114 975 2183 tollere
993 2113 1072 2180 mihi
1088 2113 1214 2181 videor:

74 2217 114 2286 ‘21
137 2218 204 2301 μὲν
225 2206 286 2284 οὖν
300 2212 531 2304 Ἀριστοτέλης
551 2210 641 2304 ὑπὲρ
662 2216 785 2284 ἑαυτοῦ
799 2223 947 2305 γέγραφε
963 2214 1217 2304 μαρτυρόμενος
1296 2255 1300 2264 ,

77 2319 266 2409 διαρρήδην
294 2315 347 2386 ότι
371 2369 378 2386 .
399 2369 436 2384 ..
470 2318 674 2400 συνετάξατο
806 2317 1081 2406 προεκδεδωκὼς,
1116 2314 1214 2386 ταῦτ’

77 2425 190 2492 ἐστίν·
231 2423 267 2504 ἐξ
296 2414 342 2490 διν
371 2421 388 2488 ὃ
419 2421 627 2512 προειλόμην
657 2431 800 2511 ποιήσαι
829 2419 981 2511 φανερόν
1005 2472 1012 2487 .
1034 2471 1069 2488 ..
1096 2422 1217 2502 ἱκανῶς

77 2523 329 2610 ἀποδεδεῖχθαι
350 2526 489 2610 νομίζω.

603 2731 693 2798 VIII.

366 2871 405 2923 In
423 2871 592 2934 epistulam
611 2871 651 2924 ad
669 2873 726 2924 cn.
738 2871 932 2934 Pompeium.

167 3010 204 3075 P.
224 3011 330 3072 Ἰόλαε
352 3011 579 3094 Χορακτήρας
602 3003 705 3091 λόγου
730 3003 959 3092 προελόμενος
989 3017 1131 3072 σκοπεῖν
1160 3007 1216 3071 καὶ

78 3112 160 3188 τοὺς
190 3106 428 3194 πριοτεύοντας
458 3108 495 3176 ἐν
528 3103 643 3186 αὐτοῖς
676 3107 890 3197 φιλοσόφους
919 3133 954 3176 τε
986 3108 1043 3175 καὶ
1072 3106 1217 3196 ῥήτορας

78 3212 260 3296 ἐξετάζειν.

166 3333 344 3419 Dionysius
365 3332 445 3400 fficit
466 3340 523 3400 aut
545 3330 577 3398 oi
600 3328 675 3400 τότε
698 3329 929 3418 πρωτεύοντες
944 3338 1002 3398 aut
1016 3329 1048 3398 ολ
1063 3329 1218 3418 πρωτεύ-

77 3461 212 3518 σαντες,
238 3436 323 3502 unde
345 3437 419 3521 lego
434 3431 512 3512 τούς
534 3431 870 3521 πρωτεύσαντας
894 3432 931 3500 ἐν
944 3428 1060 3511 αὐτοῖς
1076 3431 1218 3521 φιλοσό-

78 3565 169 3630 φους
192 3540 307 3606 τεκαὶ
333 3536 489 3625 ῥήτορας.
537 3537 589 3605 cf.
614 3558 646 3623 p.
667 3539 743 3604 783⁸
773 3537 915 3614 πολλοῖς
945 3531 979 3602 δ>
1005 3536 1053 3614 είς
1082 3530 1218 3620 ὁμιλίαν

77 3641 195 3712 ἐλθὼν
216 3635 360 3726 ἀνδράσι
381 3652 453 3717 τοῖς
475 3636 550 3706 τότε
573 3636 851 3726 πρωτεύουσι-
874 3661 907 3726 p.
927 3645 983 3706 54.
1008 3639 1039 3706 ολ
1063 3640 1098 3706 δὲ
1122 3663 1218 3727 πρω-

75 3745 260 3822 νεύσαντες
282 3741 319 3810 ἐν
341 3742 489 3830 ἑκατέρῳ
511 3766 547 3810 τε
569 3743 627 3808 καί
650 3739 686 3808 ἐν
709 3736 931 3829 ἀμφοτέροις,
958 3743 1081 3808 πολλοί
1103 3767 1138 3810 τε
1161 3745 1217 3810 καὶ

77 3845 210 3936 άγαθολ
233 3842 362 3934 άνδρες.
406 3851 481 3912 145ε
503 3852 569 3912 τῶν
591 3842 860 3930 πρωτευσάντων
875 3844 913 3912 ἐν
928 3840 1046 3923 αύταῑς
1062 3851 1218 3934 μνησθή-

75 3979 147 4020 ναι.
198 3947 389 4027 σιτιστοὺς
413 3948 449 4016 ἐν
471 3943 554 4036 αὐτῇ
581 3947 844 4035 πρωτεύσαντας
874 3949 1214 4037 καταριθμήσασθαι.

77 4061 173 4123 753ιτ
206 4050 384 4141 κράτιστος
412 4049 553 4118 πάντων
580 4058 647 4118 τῶν
675 4049 946 4137 πρωτευσάντων
974 4053 1055 4137 περὶ
1082 4049 1214 4136 λόγους.
1262 4101 1265 4113 .

75 4164 156 4228 941ι
181 4156 213 4224 οἱ
236 4152 494 4242 πρωτεύσαντες
515 4162 582 4222 τῶν
603 4152 678 4221 τότε
702 4153 865 4241 ῥητόρων.
912 4157 1004 4222 958ω
1033 4149 1153 4241 ἄνδρες
1185 4155 1216 4220 οἱ

77 4259 338 4348 πρωτεύσαντες
358 4257 408 4326 ,ἐν
440 4253 576 4335 αὐτοῖς,
621 4261 697 4325 983ι
729 4257 938 4345 Θουκυδίδην
971 4256 1032 4326 τὸν
1061 4256 1098 4325 δν
1128 4254 1218 4346 αὐτῷ
