3010 4896
259 291 311 382 ου’
692 352 735 361 -
781 311 876 398 [ωε]
923 351 962 360 -

258 506 406 597 ρούμενα
427 509 485 574 καὶ
506 499 566 587 τὰς
588 515 670 587 ναῦς
696 518 766 584 τοις
793 509 964 591 πολεμίοις
991 501 1258 592 παραδιδομένας
1280 506 1337 570 καὶ
1359 495 1400 568 τὸ

259 610 422 702 ὑμέτερον
439 618 572 702 πλῆθος
595 610 936 698 καταδεδουλωμένον
955 612 1088 700 (XVIII,
1105 613 1136 678 4.
1155 611 1199 696 5).
1236 611 1301 677 Ubi
1318 631 1401 696 quae

259 730 430 790 narrantur
458 728 490 787 et
512 741 642 804 prorsus
660 729 837 804 oongrnunt
859 742 930 792 cnm
952 720 1045 785 rebus
1068 719 1211 784 oratione
1233 717 1312 783 XIII
1333 723 1402 782 tra-

259 831 336 896 ditis
367 850 426 895 nec
457 826 596 912 fingendi
632 829 797 894 eonsilium
826 828 926 894 ullum
958 826 1138 892 admittunt
1192 825 1286 890 Hunc
1316 824 1402 888 euim

259 939 428 1003 Euaretem
451 935 561 1002 eadem
584 941 669 1000 sorte
691 957 782 1001 usum
805 955 872 1000 csse
895 955 934 1001 ao
954 935 1207 1017 Dionysodorum
1229 937 1262 997 et
1280 929 1402 997 Strom-

259 1043 415 1109 bichidem
431 1049 615 1127 ceterosque
629 1042 724 1108 duces
738 1041 963 1110 contendimus.
991 1042 1187 1125 Quamquam
1200 1039 1401 1126 Scheibius1)

259 1157 369 1218 eontra
390 1149 604 1216 Hamakerum
626 1150 790 1234 disputans
816 1171 881 1215 non
903 1148 1004 1215 solum
1026 1153 1101 1214 ante
1123 1147 1319 1212 dominatum
1342 1144 1402 1210 tri-

260 1257 350 1344 ginta
368 1257 506 1322 virorum
529 1257 584 1323 sed
607 1257 704 1324 etiam
725 1263 800 1324 ante
821 1257 947 1322 moenia
964 1255 1071 1322 dimta
1087 1275 1243 1338 navesque
1264 1252 1402 1319 traditas

258 1366 427 1432 Euoratem
448 1363 602 1448 supplicio
625 1365 772 1431 affectum
791 1385 859 1431 esse
877 1385 894 1429 e
913 1361 1017 1429 verbis
1038 1365 1166 1447 μᾶλλον
1185 1357 1291 1426 εἵλετο
1315 1350 1401 1423 ἀπο-

259 1468 379 1538 λέσθαι
400 1462 421 1558 ἢ
445 1469 572 1536 ἐπιδεῖν
590 1462 632 1536 τά
655 1473 744 1557 τείχη
766 1465 1020 1555 καθαιρούμενα
1038 1470 1095 1535 καὶ
1116 1461 1175 1547 τάς
1193 1475 1274 1545 ναῦς
1292 1489 1400 1552 παρα-

260 1578 434 1664 διδομένας
453 1578 575 1643 elncere
593 1583 694 1661 putat
731 1577 778 1642 Ac
795 1599 830 1642 re
848 1598 922 1642 vera
940 1597 957 1642 e
975 1577 1079 1643 verbis
1102 1576 1165 1641 illis
1183 1595 1240 1658 per
1258 1594 1292 1640 se
1310 1595 1400 1658 speo-

259 1688 349 1762 tatis,
379 1685 494 1769 quibus
520 1685 673 1750 Encrates
704 1689 838 1750 mortem
864 1684 954 1750 obire
984 1684 1132 1750 maluisse
1161 1684 1277 1748 dicitur
1304 1701 1399 1766 quam

259 1793 368 1858 videre
399 1812 504 1858 muros
536 1790 658 1860 dirutos
689 1812 846 1875 navesque
881 1792 1030 1870 traditas,
1066 1790 1253 1857 concludere
1284 1788 1401 1872 aliquis

258 1900 359 1984 possit
389 1919 500 1982 reapse
531 1901 663 1964 mortem
691 1897 806 1964 obiisse
832 1898 1002 1965 Encratem
1032 1903 1107 1964 ante
1139 1917 1244 1962 muros
1275 1895 1401 1959 dirutos

259 2027 415 2089 navesque
437 2004 580 2070 traditae.
616 2003 727 2087 Neque
748 2011 854 2072 temen
876 2005 910 2071 id
932 2006 1119 2072 concludere
1141 2006 1225 2069 licet.
1261 2001 1402 2067 Obstant

259 2115 343 2180 enim
365 2113 420 2178 alii
442 2112 504 2177 loci
527 2111 667 2178 eiusdem
689 2111 851 2188 orationis,
874 2111 987 2195 quibus
1010 2118 1077 2178 tum
1100 2112 1226 2178 demum
1248 2131 1318 2176 oum
1342 2111 1401 2174 tri-

259 2223 349 2305 ginta
370 2219 430 2284 vin'
452 2218 592 2283 instituti
615 2223 728 2296 essent,
750 2216 952 2283 interiectum
975 2239 1042 2285 esse
1060 2239 1131 2284 eum
1149 2224 1235 2284 oerto
1257 2223 1403 2302 apparet.

259 2327 305 2393 Ut
326 2325 410 2392 filius
432 2325 578 2391 Enoratis
601 2325 641 2390 do
667 2345 701 2391 se
728 2324 888 2409 fratreque
911 2347 967 2392 suo
995 2317 1105 2405 οὐδὲν,
1132 2323 1244 2408 inquit
1270 2316 1333 2409 γὰρ
1358 2317 1402 2390 ἀν

258 2425 342 2520 ἡμᾶς
360 2427 483 2497 κωλύει
502 2424 736 2509 ἀθλιωτάτους
754 2426 839 2498 εἶναι
858 2431 913 2498 ἐπὶ
935 2439 1006 2498 τῶν
1024 2428 1208 2519 τριάκοντα
1226 2423 1401 2518 ὀρφανοὺς

258 2537 546 2621 καταλειφθέντας
573 2539 608 2624 (ξ
630 2539 697 2624 22).
756 2538 806 2604 Ab
838 2539 948 2605 eodem
979 2539 1132 2606 Euorates
1168 2544 1201 2605 et
1231 2537 1401 2604 Niceratus
1496 2547 1497 2628 j

259 2645 375 2712 mortui
398 2667 465 2711 esse
483 2645 630 2711 dicuntur
653 2639 737 2730 ὑπὲρ
755 2652 814 2732 τῆς
837 2645 1059 2734 δημοκοπίας
1080 2647 1137 2712 καὶ
1158 2654 1218 2733 τῆς
1240 2639 1402 2731 ὑμετέρας

260 2751 452 2838 ἐλευθερίας
474 2742 543 2817 ὑπὸ
566 2759 636 2817 τῶν
659 2747 841 2838 τριάκοντα
864 2748 1008 2817 κώνειον
1026 2747 1162 2830 πιόντες
1179 2752 1214 2840 (ξ
1232 2752 1299 2838 24).
1337 2752 1402 2816 De-
1496 2759 1497 2824 i

259 2859 355 2942 nique
373 2856 505 2923 eandem
523 2877 591 2922 rem
607 2863 744 2942 tangunt
761 2859 857 2925 verba
874 2860 985 2925 καίτοι
1003 2859 1091 2936 τίνες
1109 2851 1151 2924 ἀν
1169 2851 1265 2946 ἡμῶν
1284 2857 1402 2946 εἴησαν
1496 2945 1497 2956 ρ

260 2964 521 3050 δυστυχέστεροι,
546 2963 574 3030 εἰ
593 2962 630 3030 ἐν
647 2964 710 3050 μὲν
732 2971 773 3048 τῇ
796 2957 965 3055 ὀλιγαρχίᾳ
988 2958 1283 3053 ἀπεθνήσκομεν’)
1307 2954 1401 3032 εὖνοι
1496 3009 1497 3050 3

260 3065 356 3151 ὄντες
385 3079 435 3158 τῷ
462 3067 601 3159 πλήθει,
634 3070 671 3136 ἐν
699 3071 735 3136 δὲ
762 3078 802 3156 τῇ
831 3073 1035 3163 δημοκρατίᾳ
1063 3065 1109 3150 ὡς
1135 3069 1277 3139 κακόνοι
1305 3067 1402 3150 ὄντες

260 3186 309 3264 τῷ
332 3175 456 3266 πλήθει
474 3171 745 3265 ἀποστεροίμεθα
763 3181 798 3266 (ἓ
817 3179 867 3266 8);
890 3181 945 3246 ubi
969 3172 1228 3267 ἀποθνήσκομεν
1251 3180 1292 3246 ad
1314 3201 1401 3244 mor·

206 3313 209 3322 ¹
264 3293 329 3352 tem
351 3286 498 3352 Euoratis
522 3293 554 3351 et
575 3285 715 3352 Nicerati
739 3291 869 3372 spectat

347 3393 414 3458 Iam
451 3392 478 3460 si
518 3393 710 3476 quaerimus,
751 3392 917 3482 cuiusnam¹
948 3393 1086 3458 criminis
1122 3415 1217 3462 causa
1247 3395 1401 3460 Eucrates
1496 3379 1497 3436 i

259 3505 392 3566 mortem
410 3499 533 3570 obierit
552 3497 724 3565 Sierersius
742 3503 775 3564 et
793 3499 919 3565 Curtius
928 3498 955 3587 ³)
979 3519 996 3564 e
1015 3499 1118 3566 verbis
1136 3492 1214 3582 ἐξὸν
1232 3492 1324 3585 αὐτῷ
1344 3501 1399 3565 καὶ
1496 3561 1497 3582 ρ

259 3612 329 3671 τῶν
348 3600 529 3692 τριάκοντα
547 3602 705 3690 γενέσθαι
722 3607 780 3671 καὶ
795 3597 937 3693 μηδενὸς
959 3601 1099 3672 ἔλαττον
1118 3602 1285 3674 δύνασθαι
1307 3628 1401 3692 prop-
1496 3653 1497 3662 ι

259 3721 348 3779 terea
369 3713 538 3780 Enoratem
560 3713 695 3779 occisum
719 3733 787 3779 esse
809 3713 1016 3791 coniecerunt,
1040 3714 1124 3798 quod
1150 3715 1331 3780 societatem
1358 3713 1400 3780 ab

259 3820 464 3904 optimatibus
487 3818 625 3886 oblatam
648 3819 845 3906 repudiasset
872 3841 931 3886 nec
956 3820 990 3884 in
1017 3821 1151 3905 triginta
1177 3822 1315 3887 virorum
1343 3843 1400 3887 nn-

258 3947 345 3992 mero
373 3947 440 3992 esse
465 3927 623 3994 voluisset.
669 3925 732 3992 Sed
757 3931 795 3992 ut
822 3927 979 4005 omittam,
1009 3949 1104 4011 qnam
1130 3949 1194 3993 non
1221 3927 1400 3994 verisimilis
1496 3983 1497 4022 ρ

349 4105 369 4171 ¹)
388 4104 433 4158 Fr.
452 4102 570 4158 Scheibe
589 4101 726 4159 vindiciae
744 4102 887 4175 Lysiacae,
906 4102 1020 4173 Lipsiae
1040 4105 1116 4170 1845,
1135 4121 1163 4174 p.
1183 4105 1226 4161 87.

349 4191 370 4258 ¹)
387 4186 623 4261 ἀποθνήσκωμεν
640 4191 670 4246 in
689 4192 783 4249 codice
802 4192 947 4259 traditum,
966 4193 1088 4249 correxit
1106 4194 1138 4252 R
1156 4193 1320 4250 Schoetlius.

348 4279 495 4348 ⁸)SIevers
519 4279 762 4338 commentationes
789 4280 938 4338 historicae
966 4283 1001 4338 de
1025 4283 1215 4353 Xenophontis
1238 4283 1398 4351 Hellenicia
1496 4273 1497 4276 ¹

260 4367 383 4424 Berolini
402 4371 479 4434 1833.
498 4386 525 4438 p.
544 4369 587 4425 49.
625 4370 735 4426 Curtius
753 4370 808 4434 111³
825 4388 852 4440 p.
873 4373 916 4428 19.
