2982 4884
586 344 630 354 -
677 308 759 392 [coe]
808 345 852 356 -
1246 307 1287 369 aa

235 493 278 557 At
299 513 362 559 non
384 493 511 560 videtur
533 495 739 579 pleonasmus
768 499 874 561 inesse
904 495 936 560 in
966 494 1075 561 verbis
1105 493 1172 560 his:
1214 493 1283 560 Cic.

147 595 244 660 Roso.
262 596 334 660 Am.
356 599 406 676 18,
427 601 463 661 51
491 619 561 662 cum
581 598 654 662 ruri
673 598 866 662 assiduas
888 619 1043 681 semper·
1065 596 1192 673 cremia
1217 596 1283 662 vid.

145 697 309 763 Halmium
332 698 374 765 ad
396 697 429 763 h.
447 699 470 764 l.
496 706 530 766 el
551 700 592 766 cs.
611 700 678 767 (lie.
704 701 806 768 deor.
825 704 856 782 2,
876 704 929 777 39,
950 703 1011 766 162
1035 701 1159 766 tradam
1181 700 1287 764 ossi-

144 800 249 863 duuc
271 823 448 884 cacopere
463 804 592 868 condem
606 803 750 868 incudem
771 803 874 868 diem
895 810 1129 887 noctemque
1153 802 1284 866 landen·

147 903 245 982 ιὶὂως
272 903 342 969 Liv.
369 906 420 986 34,
441 908 470 987 9,
490 912 510 970 5
533 905 621 970 cuius
644 906 836 971 occiduus
858 913 961 970 carolos
982 927 1139 988 comper
1169 904 1285 989 aliquio

144 1027 185 1069 ec
214 1007 452 1091 mapr'slrotr'bas
479 1017 550 1074 crat
578 1015 610 1076 et
639 1009 868 1076 Weissenborn
898 1007 942 1074 ad
972 1008 1004 1074 h.
1037 1009 1060 1072 l.
1099 1007 1285 1092 (comparari

145 1115 253 1192 potest
273 1109 478 1204 Homericum
499 1111 579 1177 illud
602 1110 742 1194 ἐμμενὲς
765 1111 857 1196 αἰεί).

232 1212 328 1296 Apud
350 1211 472 1297 priseos
495 1214 667 1299 scriptores
690 1213 825 1299 latinos,
856 1213 1004 1299 inprimis
1026 1212 1113 1298 apud
1136 1213 1283 1280 Plautum

143 1321 177 1380 et
193 1316 388 1399 Terentium,
415 1315 458 1382 ad
480 1319 579 1385 verba
601 1338 652 1396 ea,
677 1338 760 1402 quoe
782 1319 940 1386 actionem
961 1317 1105 1400 aliquam
1126 1316 1226 1383 animi
1248 1322 1284 1380 ut

142 1416 304 1500 copitaadr'
324 1417 536 1504 inoestrpondr'
555 1421 748 1506 exprimunt,
773 1421 966 1505 aliquotiens
989 1419 1117 1486 additur
1134 1419 1206 1504 ipsa
1220 1438 1284 1484 vox

141 1520 267 1584 mamus
290 1539 328 1587 eo
350 1541 413 1605 quo
435 1543 516 1608 opus
538 1530 588 1590 est
610 1544 689 1591 casu
711 1525 853 1610 prolata,
886 1543 949 1608 quo
978 1522 1151 1589 dilucidius
1180 1541 1282 1606 appa-

142 1629 214 1690 reat
240 1625 409 1690 verborum
437 1624 703 1710 significationem
732 1628 775 1693 od
804 1627 948 1694 animum
976 1626 1167 1694 translatam
1196 1643 1279 1693 esse.

141 1727 249 1810 Atque
271 1747 313 1794 ex
334 1728 449 1795 Plauto
471 1735 504 1796 et
524 1730 676 1797 Terentio
698 1731 828 1798 enotavi
851 1731 1001 1815 exempla
1021 1729 1118 1796 haec:
1145 1727 1283 1813 copr'torc

138 1853 213 1894 mom
242 1831 346 1896 acram
374 1853 429 1896 ccco
459 1832 508 1897 Pl.
539 1832 633 1900 Most.
659 1835 688 1914 3,
708 1835 741 1912 2,
763 1836 817 1910 13;
851 1833 925 1900 Ter.
950 1830 1088 1917 Adelph.
1120 1835 1149 1912 3,
1168 1835 1199 1911 4,
1220 1835 1278 1906 55;

140 1932 282 2017 coqr'tarc
303 1931 337 1998 in
359 1933 463 1998 animo
485 1935 561 2000 Ter.
586 1934 725 2020 Adelph.
755 1940 783 2016 l,
806 1942 833 2012 1,
853 1940 884 2001 5.
912 1941 941 2013 5,
962 1937 992 2014 3,
1012 1937 1068 2014 323
1095 1932 1282 2018 inccsliparc

137 2057 213 2100 cum
234 2036 339 2100 ocimo
354 2036 402 2102 Pl.
421 2037 496 2102 Aul.
514 2042 546 2118 4,
565 2040 598 2114 9,
617 2040 654 2109 3;
681 2039 878 2104 considerare
899 2059 1003 2102 secum
1024 2037 1058 2101 r'n
1079 2036 1183 2102 ocimo
1203 2036 1278 2103 Ter.

140 2137 259 2205 Heant.
286 2143 315 2221 2,
336 2145 367 2220 4,
387 2144 418 2203 5.
464 2139 531 2206 Sed
552 2138 641 2224 apud
661 2140 847 2207 ciceronem
870 2159 996 2224 qnoque
1018 2138 1196 2206 locutiones
1219 2138 1280 2206 hae

137 2247 174 2306 et
204 2240 256 2306 his
285 2241 406 2309 similes
435 2244 600 2327 leguntur3
638 2245 789 2328 exempla
817 2261 900 2326 quae
929 2241 1068 2308 maximo
1096 2241 1281 2309 viderentur

139 2341 363 2410 memorabilia
385 2344 530 2429 excerpsi
553 2343 652 2412 haec:
693 2347 784 2412 Verr.
809 2346 858 2426 ΙΙ,
886 2348 917 2424 3,
944 2347 1002 2425 12,
1023 2347 1063 2408 29
1087 2343 1281 2410 considerate

136 2467 212 2509 cum
234 2447 347 2510 cestris
368 2445 482 2510 animia
505 2449 710 2531 vosmetipsi,
735 2470 859 2533 ecquem
878 2447 998 2531 putetis
1020 2456 1097 2524 clm
1123 2448 1214 2514 Verr.
1233 2448 1276 2528 II,

138 2552 172 2631 3,
192 2553 244 2630 41,
264 2552 305 2614 95
335 2549 381 2612 sic
410 2549 551 2615 habuisti
577 2559 729 2616 statutum
758 2573 829 2616 mm
857 2551 960 2616 sarim
990 2573 1028 2615 uc
1055 2549 1275 2617 deliberatum:

137 2649 268 2716 (llueul.
289 2653 341 2732 25,
362 2655 402 2716 70
424 2652 502 2716 hoec
516 2653 704 2739 -sacr‘lc'us
726 2653 869 2730 credolio,
896 2653 926 2716 a·
946 2674 1015 2717 cum
1037 2652 1151 2716 animia
1167 2653 1278 2718 ceolric

134 2753 231 2838 lonpo
253 2754 421 2819 intervallo
443 2756 608 2820 recordari
631 2759 667 2820 0.
685 2755 811 2820 Saloni
831 2755 928 2820 ailam
950 2763 980 2819 ct
1002 2763 1151 2820 naturum
1173 2755 1279 2820 coloc-

135 2854 231 2935 ritir3
263 2857 329 2940 leg.
354 2877 424 2940 egr.
450 2865 480 2938 2,
500 2861 552 2939 24,
571 2862 612 2923 64
635 2881 689 2923 cos
713 2867 816 2924 tomen
845 2857 882 2922 id
903 2857 1036 2941 potestis
1065 2879 1135 2922 cum
1164 2857 1278 2922 animis

136 2958 253 3024 ceolric
275 2959 414 3042 copitarc
442 2958 494 3044 (cs.
513 2961 608 3028 Rose.
633 2962 706 3026 Aur.
726 2964 777 3040 24,
798 2963 838 3024 67
861 2983 936 3025 auae
958 2959 1060 3024 malac
1075 2960 1278 3044 copulationes

135 3061 404 3145 coarm'erttiacqac
433 3061 534 3126 animi
562 3067 706 3146 ment).
753 3063 823 3130 Huc
851 3061 933 3128 illud
961 3081 1087 3145 quoque
1115 3061 1277 3146 pertinere

132 3163 282 3246 arbitror,
309 3165 397 3246 quod
419 3165 468 3230 bis
492 3165 609 3249 legitur
630 3165 663 3231 in
686 3165 793 3250 priore
812 3165 853 3232 de
868 3165 1053 3231 inventione
1069 3164 1151 3231 libro
1172 3165 1277 3230 animo

132 3265 311 3351 conlipcrc:
338 3267 366 3345 Ι,
387 3272 415 3348 l,
437 3251 462 3330 1ἱ
478 3289 547 3332 cum
570 3278 600 3332 el
622 3276 747 3332 nostroe
768 3267 818 3332 rcr'
834 3267 982 3350 publicae
1001 3267 1189 3332 detrimento
1204 3291 1278 3332 con-

130 3368 241 3433 sidero
263 3379 295 3434 ct
315 3370 526 3434 maximarum
547 3371 710 3436 civitatum
732 3379 850 3434 octcrcs
872 3371 976 3434 oniaco
992 3369 1187 3436 calamitates
1202 3393 1278 3436 con-

133 3472 217 3557 lr'po;
250 3473 282 3552 1,
307 3475 360 3556 28,
379 3476 421 3536 42
444 3481 480 3537 ul
501 3474 657 3537 commode
685 3473 763 3558 quid
791 3481 973 3538 cuculorum
1001 3473 1043 3537 cil
1065 3482 1139 3538 ante
1168 3474 1272 3538 animo

131 3575 257 3657 couliyc'
272 3575 387 3658 possit,
435 3575 539 3641 Simili
562 3575 655 3641 modo
679 3575 790 3642 Cicero
817 3575 869 3641 bis
891 3574 972 3642 dixit
994 3575 1093 3640 ocimi
1112 3575 1195 3640 racio
1218 3595 1277 3660 pro

129 3677 274 3762 simplici
303 3678 404 3742 rotr'o:
441 3677 507 3742 inv.
534 3678 566 3745 Ι.
598 3682 666 3758 1,1
700 3675 914 3742 samtasimac
944 3677 1099 3744 amicitias
1129 3676 1275 3762 intellcqo

9 3825 11 3828 -
129 3799 206 3843 carm
229 3779 330 3842 animi
349 3780 471 3843 ratione
495 3788 560 3844 lum
573 3779 712 3864 facilius
734 3778 911 3863 eloquentia
933 3787 1150 3862 comparatas:
1182 3779 1227 3844 ib.
1245 3780 1272 3852 Ι,

131 3883 164 3962 2,
186 3884 205 3943 2
229 3903 285 3944 racc
307 3881 431 3946 ratione
455 3882 556 3945 animi
582 3882 766 3966 quicquum,
797 3882 854 3946 scd
879 3881 1031 3966 pleraque
1059 3881 1177 3946 uiribus
1204 3904 1275 3945 cor-

124 3983 221 4068 poris
243 3983 518 4048 admc'm'atrabanl.

221 4085 327 4171 Saepe
350 4086 393 4152 ad
415 4106 591 4172 pronomen
613 4087 798 4155 relativum.
832 4094 866 4152 nt
898 4086 1022 4172 plenior
1050 4091 1083 4152 et
1104 4085 1275 4154 dilucidior

128 4187 188 4254 fist
210 4188 322 4266 oratio,
349 4189 462 4255 iterum
486 4188 614 4254 additur
633 4208 749 4256 nomen
763 4187 845 4255 illud
859 4187 1106 4268 substantivum,
1132 4187 1175 4254 ad
1190 4188 1274 4272 quod
