3034 4896
595 317 806 380 ..25-

133 503 276 569 referret.
302 503 425 569 Tamen
437 521 498 585 ego
509 523 581 568 cum
594 503 750 586 Briegero
768 502 935 587 (Philolog.
946 505 1065 586 XXIV,
1081 510 1155 588 449)
1171 505 1265 586 facio,

134 606 191 688 qui
201 605 284 670 bano
297 604 550 672 emendationem
563 604 682 672 refutat
692 605 818 672 duabus
829 607 1002 691 praecipue
1014 608 1121 674 causis
1131 627 1270 673 commo-

133 717 202 774 tus:
222 708 357 793 primum
373 709 421 774 eis
436 708 583 775 versibus
595 708 703 791 aliquo
718 708 812 774 modo
823 711 1000 789 obscurari,
1014 730 1076 793 quo
1088 710 1186 777 verba
1197 733 1270 774 uam

133 813 220 898 quod
239 813 272 876 in
289 814 351 876 532
374 812 569 897 pertineant3
595 811 721 892 deinde,
741 811 825 895 quod
840 813 919 878 mibi
938 813 1162 896 gravissimum
1178 813 1271 879 vide-

134 927 198 998 tur,
222 916 310 982 nullo
333 917 415 992 loco,
440 915 494 980 ubi
517 923 610 998 poeta
632 915 729 980 simili
753 916 845 980 modo
861 917 972 998 quoin
989 919 1050 981 528
1067 917 1190 982 adrem
1206 917 1270 982 iam

136 1019 303 1102 probatam
326 1017 496 1101 respiciat,
523 1024 558 1082 ut
579 1017 611 1098 Ι,
639 1021 713 1082 260.
739 1021 813 1082 020.
840 1021 913 1084 543.
940 1022 1014 1084 051.
1039 1020 1088 1098 ΙΙ,
1116 1022 1168 1084 94.
1194 1022 1268 1084 499.

139 1124 233 1184 1050.
258 1120 317 1198 111,
338 1122 390 1183 01.
416 1120 472 1197 lv,
490 1122 564 1186 ιιι.
590 1121 628 1200 v,
649 1124 721 1184 rra.
748 1121 803 1202 vl,
823 1123 896 1185 400.
918 1125 1010 1202 1000,
1037 1122 1183 1205 anione,
1208 1141 1272 1204 qua

136 1222 261 1288 ratione
282 1221 317 1287 id
339 1221 588 1288 demonstratum
612 1223 663 1289 sit.
710 1222 800 1288 Nihil
822 1223 919 1305 igitur
945 1231 1043 1290 restat
1072 1225 1134 1290 nisi
1164 1231 1200 1290 ut
1219 1225 1272 1289 in-

136 1324 259 1390 siticios
281 1343 353 1390 esse
377 1324 435 1389 bos
458 1343 570 1390 versus
593 1331 752 1410 putemus.
793 1325 955 1410 Adscripti
976 1333 1082 1392 autam
1106 1334 1181 1392 sunt
1203 1327 1272 1393 sine

135 1427 235 1492 dubio
257 1448 277 1492 a
299 1428 417 1493 lectore
438 1427 495 1493 illc
517 1429 719 1512 philosopho,
737 1435 773 1494 ut
788 1429 839 1494 vel
854 1429 916 1494 sibi
932 1430 982 1494 vel
998 1430 1073 1495 aliis
1089 1431 1272 1496 memoriam

136 1530 208 1595 eius
232 1531 292 1596 loci
315 1529 555 1614 redintegraret,
581 1531 636 1597 ubi
658 1539 755 1615 poeta
776 1533 967 1616 probaverat
989 1552 1147 1598 summam
1171 1542 1273 1599 mate-

137 1633 209 1698 riae
229 1632 386 1698 infinitam
409 1641 566 1699 constare.

227 1734 318 1813 Quod
352 1755 426 1800 vero
461 1737 631 1818 Briegcrus
667 1745 775 1822 putat,
816 1757 887 1803 oum
924 1737 973 1804 eis
1002 1739 1148 1805 versibus
1178 1759 1275 1820 argu-

138 1846 280 1904 mentum
314 1839 494 1919 inducatur,
534 1860 596 1922 quc
633 1841 791 1906 inlinitum
827 1859 898 1906 esse
932 1860 1088 1906 summam
1122 1841 1274 1906 materiae

139 1948 237 2024 poeta
259 1941 531 2008 demonstraturus
554 1943 663 2023 fuerit,
689 1944 776 2027 quod
805 1950 912 2008 tamen
943 1943 1079 2010 fortasse
1101 1964 1273 2026 numquam

141 2042 299 2109 adfinem
322 2043 511 2128 perductum
533 2045 585 2126 sit,
613 2063 668 2112 eos
691 2065 755 2110 non
777 2045 872 2110 nimis
894 2046 1113 2112 intolerabiles
1136 2065 1219 2124 esse,
1247 2045 1275 2110 si

141 2166 269 2212 versum
291 2151 353 2211 952
376 2147 448 2212 libri
471 2148 565 2231 primi
589 2149 759 2232 excipiant,
785 2148 820 2212 id
842 2148 921 2214 mibi
943 2168 1005 2214 uon
1028 2150 1146 2233 placet.
1192 2149 1276 2212 Nam

141 2268 246 2332 nsque
268 2248 399 2326 adeas,
426 2269 508 2332 quae
530 2250 595 2314 iam
618 2251 738 2316 multae
760 2258 835 2316 suut
855 2250 889 2315 in
905 2251 1046 2316 Lucretii
1069 2250 1273 2326 carminibus,

139 2352 349 2418 difficultates
371 2373 470 2418 novas
492 2353 538 2417 ita
553 2351 673 2419 addere
695 2351 745 2418 sas
767 2360 827 2434 est,
852 2360 888 2417 ut
906 2373 1006 2418 novas
1023 2359 1131 2438 partes
1146 2373 1167 2418 a
1184 2360 1278 2437 poeta

139 2475 205 2522 non
228 2456 390 2520 absolutas
406 2463 595 2536 statuamus,
616 2463 648 2522 et
663 2463 769 2540 potest
784 2463 888 2521 certus
904 2455 1032 2538 quidem
1049 2457 1137 2522 locus
1156 2456 1275 2535 afferri,

141 2559 198 2623 ubi
221 2565 316 2642 poeta
338 2557 379 2624 de
405 2558 530 2624 infinita
560 2557 693 2624 materia
721 2559 815 2632 dicit,
848 2559 880 2623 in
909 2558 982 2624 libri
1009 2559 1103 2642 primi
1132 2560 1278 2626 versibus

146 2666 339 2724 roro-01.
385 2661 499 2743 Itaque
521 2681 581 2744 ego
603 2669 680 2745 puto
702 2662 745 2742 Il,
771 2664 932 2726 520-31
958 2661 1091 2728 iteratos
1114 2661 1215 2728 fuisse
1237 2683 1279 2727 ex

143 2772 235 2848 parte
266 2784 373 2830 eorum
405 2783 574 2844 versuum,
606 2764 660 2846 qui
695 2774 766 2848 post
799 2767 879 2828 1003
909 2764 1148 2830 interciderunt.
1195 2765 1278 2829 Nam

142 2868 324 2950 posthunc
347 2886 474 2932 versum
496 2867 643 2932 lacunam
666 2866 757 2932 hiare
780 2885 850 2932 curn
874 2866 997 2950 pridem
1019 2867 1181 2950 cognitum
1197 2871 1274 2948 est¹)

142 2979 211 3034 tum
225 2969 424 3051 intellegitur
440 2989 480 3034 ex
496 2989 544 3050 eo,
564 2969 649 3050 quod
669 2969 807 3053 protasis
824 2989 973 3034 versuum
992 2973 1159 3034 1010-20
1175 2968 1275 3049 deest,

141 3073 234 3137 cuins
257 3071 310 3154 qni
333 3071 429 3137 suerit
444 3091 568 3151 sensus,
594 3079 760 3155 praeterea
776 3093 816 3136 ex
830 3071 937 3137 verbis
954 3071 1083 3156 Epicuri
1098 3071 1185 3155 apud
1201 3072 1281 3135 Dio-

149 3247 355 3255 ———-

216 3365 233 3424 1,
259 3365 332 3414 1012.
350 3366 380 3414 13
394 3363 503 3432 spurios
515 3376 577 3417 esse
590 3361 655 3415 mibi
670 3377 724 3415 non
737 3361 929 3428 persuadetur.
957 3361 1037 3425 Quod
1050 3361 1160 3430 quidem
1174 3361 1281 3416 Pollius

149 3448 249 3512 (annal.
264 3447 360 3517 philol.
375 3450 417 3512 93,
433 3447 492 3516 750)
513 3447 667 3510 contendit,
688 3447 847 3500 Lucretium
861 3448 890 3500 in
903 3462 996 3500 eorum
1009 3453 1154 3514 poetarum
1167 3462 1281 3500 numero

145 3549 219 3594 esse,
232 3534 280 3602 qui
293 3533 433 3603 dactylica
444 3533 529 3588 verba
542 3533 571 3586 in
583 3551 609 3584 m
618 3533 751 3587 exeuntia
763 3548 817 3586 non
831 3547 892 3586 cum
906 3531 1051 3586 vocalibus
1064 3532 1278 3593 committerent,

146 3635 237 3688 neque
254 3619 367 3672 alterum
385 3637 475 3672 eorum
493 3618 614 3673 scribere
632 3618 766 3685 potuisse,
788 3618 857 3672 satis
875 3617 1012 3672 refutavit
1023 3617 1175 3672 Munroius.
1208 3617 1282 3672 Con—

145 3704 263 3760 ferenda
281 3711 347 3759 sunt
363 3705 581 3758 intemerabilem
593 3706 662 3758 enim
675 3719 811 3757 narrrcrum
823 3701 871 3764 vl,
886 3706 947 3757 485.
959 3704 1110 3772 plusculum
1122 3703 1220 3757 babeat
1232 3703 1281 3766 IV,

147 3795 207 3844 000.
228 3793 369 3864 aponpr'crn
388 3793 471 3860 aquai
488 3791 537 3853 IV,
557 3792 617 3842 010.

218 3877 313 3946 Neque
332 3877 428 3932 divelli
447 3877 488 3931 illi
507 3891 605 3930 versus
626 3881 752 3944 possunt,
772 3880 804 3929 nt
821 3881 894 3930 rectu
910 3875 978 3930 dicit
993 3876 1152 3944 Madvigius
1174 3880 1280 3944 (opusc.

147 3965 170 4026 1,
186 3966 256 4028 316).
296 3961 352 4016 Sed
371 3963 564 4017 Lachmannus
583 3962 701 4026 divellit,
722 3977 783 4015 cum
802 3961 930 4014 adnotet:
952 3961 988 4015 nsi
1001 3961 1148 4016 Lucretius
1159 3960 1206 4015 bic
1224 3961 1282 4015 dis-

146 4049 290 4102 iunctione
309 4064 375 4102 usus
394 4055 446 4114 est,
467 4049 521 4101 tria
539 4047 662 4102 membra
679 4053 766 4107 erant.
788 4053 837 4100 aut
855 4053 1003 4115 utrumque
1022 4052 1072 4100 aut
1088 4053 1216 4101 neutrum
1234 4055 1284 4101 aut

146 4135 312 4189 altcnrtrum
331 4149 355 4188 e.
376 4149 402 4203 q.
424 4149 461 4188 s«
496 4133 536 4189 At
555 4134 589 4188 de
608 4149 641 4188 ca
659 4133 838 4188 distinctione
854 4148 910 4186 non
928 4133 1029 4201 agitur,
1050 4134 1099 4187 sed
1118 4137 1167 4186 aut
1184 4147 1284 4200 corpus
1319 4201 1320 4204 Ἴ

147 4227 176 4274 et
189 4221 272 4274 inane
284 4220 401 4275 alternis
413 4220 487 4274 inter
499 4233 530 4273 se
543 4219 701 4284 terminant,
722 4224 770 4272 aut
783 4219 947 4273 alterutrum
960 4219 996 4273 ab
1008 4218 1097 4273 altero
1110 4218 1284 4273 terminatur.
