3010 4896
266 280 310 344 22
696 313 738 324 -
786 275 883 358 [118]
930 313 972 324 -

268 463 465 558 συναγαγὼν
489 464 530 536 τὰ
554 471 643 558 τείχη
665 469 874 537 κατέσκαπτε
898 461 1036 548 καὶτὰς
1063 465 1205 556 τριήρεις
1227 468 1402 552 κατέφλεγε

266 571 352 666 πρὸς
384 570 445 644 τὸν
477 568 582 644 αὐλὸν
609 576 896 662 ἐστεφανωμένων
928 578 985 642 καὶ
1015 571 1208 658 παιζόντων
1239 567 1306 660 ἅμα
1335 583 1405 640 τῶν

267 679 457 770 συμμάχων,
480 675 527 762 ὡς
550 681 681 770 ἐκείνην
704 674 765 771 τὴν
792 677 917 770 ἡμέραν
941 677 1109 768 ἄρχουσαν
1137 689 1194 769 τῆς
1217 681 1407 766 ἐλευθερίας

267 792 352 877 (bys.
371 791 453 878 XV).
498 790 615 856 Mirum
642 791 799 874 profecto,
826 813 866 856 ne
889 791 991 857 dicam
1019 791 1164 856 insonum
1185 791 1354 866 videretur,
1381 791 1407 854 si

267 899 481 984 compluribus
504 898 665 964 mensibus
691 904 763 982 post
786 904 895 982 captas
919 897 1061 964 Athenas
1083 918 1154 963 cum
1175 896 1335 981 Lysander
1359 917 1407 960 re-

268 1007 367 1073 disset
389 1005 532 1091 murique
556 1004 766 1081 diruerentur,
789 1010 855 1070 tum
874 1010 984 1070 cautus
1006 1003 1172 1069 tibicinum
1195 1002 1409 1078 adhiberetur,

267 1119 334 1179 tum
357 1112 473 1196 gaudio
497 1111 685 1178 efferrentur
707 1111 794 1187 socii,
816 1131 888 1174 eum
911 1109 995 1175 diem
1017 1111 1080 1176 rati
1102 1110 1239 1194 primum
1258 1109 1410 1175 Graeciae

268 1219 427 1285 libertatis
450 1239 525 1286 esse.
561 1218 694 1284 Prorsus
712 1217 806 1282 aliter
824 1221 930 1282 autem
949 1238 999 1282 res
1018 1223 1201 1300 comparata
1219 1221 1276 1294 est,
1297 1217 1325 1282 si
1342 1223 1409 1282 sta-

247 1355 250 1362 ·
268 1327 326 1392 tim
343 1330 416 1409 post
433 1330 542 1409 captas
556 1324 699 1390 Athenas
712 1323 909 1408 Lysandrum
922 1325 962 1388 ad
983 1323 1148 1390 tibicinum
1162 1331 1289 1390 cautum
1302 1343 1411 1388 muros

269 1432 374 1498 delere
392 1432 531 1516 coepisse
549 1453 670 1498 summo
683 1453 754 1497 cum
773 1432 927 1497 sociorum
944 1431 1060 1513 gaudio
1077 1436 1233 1505 tenemus3
1250 1437 1320 1495 tum
1338 1431 1411 1512 qui-
1489 1437 1490 1440 ’

268 1540 341 1604 dem
362 1540 481 1604 recenti
508 1538 604 1604 etiam
626 1539 754 1604 victoris
777 1536 849 1602 odio
873 1537 920 1602 illi
943 1557 999 1602 suo
1022 1538 1090 1603 iure
1112 1543 1225 1621 putare
1252 1543 1411 1621 poterant,

267 1645 404 1730 primum
427 1667 495 1712 esse
517 1643 602 1710 diem
625 1649 768 1710 exortum
792 1643 943 1710 Graeciae
965 1643 1131 1710 libertatis.

356 1751 500 1835 Denique
523 1749 741 1834 neglexerunt,
767 1753 801 1816 ni
824 1751 926 1828 fallor,
947 1751 1007 1816 riri
1031 1751 1116 1816 docti
1138 1773 1247 1829 unum,
1274 1752 1359 1835 quod
1385 1752 1412 1818 si
1493 1793 1494 1814 ι

268 1859 492 1942 respexissent,
519 1857 616 1923 talem
642 1877 748 1923 rerum
770 1859 926 1935 ordinem,
953 1857 1076 1943 qualem
1103 1864 1296 1936 statuerunt,
1324 1867 1412 1926 certo

268 1964 467 2031 dubitassent
494 1968 640 2031 statuere.
690 1964 774 2030 Muri
785 1965 810 2048 ¹)
839 1966 923 2030 enim
946 1965 999 2050 qui
1026 1971 1174 2048 poterant
1201 1966 1286 2031 intra
1312 1987 1413 2031 unum

269 2077 301 2138 et
332 2073 470 2138 alterum
496 2070 581 2136 diem
608 2070 711 2136 dirui?
765 2072 804 2137 Id
831 2072 917 2138 nullo
948 2079 1041 2157 pacto
1073 2077 1139 2138 tam
1170 2073 1313 2138 celeriter
1340 2071 1413 2138 fieri
1496 2114 1497 2120 κ

268 2180 421 2263 potuisse,
448 2176 540 2244 facile
567 2184 615 2244 ast
641 2179 682 2243 ad
710 2178 963 2261 intellegendum.
1014 2177 1138 2245 Sufficit
1164 2179 1248 2244 enim
1275 2199 1414 2246 comme·
1497 2219 1498 2244 i

268 2307 392 2350 morare
424 2306 519 2369 quam
554 2284 619 2350 late
654 2286 817 2369 patuerint
851 2286 942 2351 muri
997 2285 1271 2369 Complectebatur
1302 2291 1415 2352 autem
1498 2325 1499 2352 l

270 2413 378 2458 eorum
404 2391 542 2456 ambitus
569 2412 631 2456 non
659 2391 761 2456 minis
789 2391 870 2457 CXL
898 2393 1008 2458 stadia
1060 2392 1164 2458 Piraei
1191 2414 1299 2458 murus
1327 2394 1415 2458 enim
1499 2431 1500 2446 ι

269 2498 433 2581 sexaginta
459 2497 563 2564 stadia
585 2500 718 2565 circuitu
744 2498 876 2583 patebat
899 2499 1009 2585 (Thuo.
1032 2499 1074 2576 II,
1099 2501 1148 2576 13,
1173 2501 1221 2584 7);
1248 2521 1413 2566 murorum

268 2606 433 2687 longorum
470 2612 637 2688 utrumque
676 2605 857 2672 braschium
892 2607 1104 2690 quadraginta
1138 2606 1243 2672 stadia
1281 2606 1415 2689 longum

269 2717 345 2777 erat
354 2713 381 2796 ¹)
426 2711 494 2775 lam
516 2731 589 2776 vero
612 2711 717 2778 Piraei
739 2713 822 2777 muri
845 2734 939 2797 quam
961 2711 1045 2778 firmi
1068 2719 1101 2778 et
1122 2712 1216 2778 solidi
1239 2712 1368 2790 suerint,
1396 2735 1414 2780 c

268 2817 451 2901 Thucydide
473 2816 516 2904 (1,
540 2817 598 2904 93)
620 2818 822 2903 intellegitur.
868 2819 1025 2884 Videntur
1050 2825 1155 2884 autem
1184 2819 1319 2885 sedecim
1343 2819 1415 2885 fere

268 2924 364 3009 pedes
392 2924 463 3002 lati,
490 2925 625 3009 triginta
646 2925 704 2990 alti
726 2925 872 3010 fuisse;³)
899 2947 1060 2992 murorum
1088 2927 1253 3010 longorum
1274 2925 1415 2991 alterum

268 3029 449 3096 bracchium
472 3033 558 3097 intra
580 3037 731 3116 quattuor
752 3052 850 3098 annos
869 3038 1063 3098 exstructum
1086 3033 1199 3119 erat⁴)
1236 3033 1322 3098 Haec
1344 3033 1415 3098 suf-

268 3136 388 3215 ficiunt,
409 3143 445 3202 ut
468 3143 560 3203 tanta
582 3159 679 3222 opera
701 3159 764 3204 non
792 3160 890 3222 paruo
912 3140 1063 3224 temporis
1085 3141 1188 3224 spatio
1211 3137 1331 3205 destrui
1354 3161 1416 3223 po-

269 3245 368 3309 tuisse
386 3244 522 3322 eluceat3
541 3250 638 3328 atque
652 3245 863 3312 consideranti
881 3246 968 3324 mihi,
981 3267 1078 3330 quam
1094 3247 1182 3330 longi
1200 3246 1350 3330 temporis
1369 3248 1416 3312 sit

268 3356 379 3416 nostra
400 3351 470 3433 ipsa
488 3351 639 3417 memoria
656 3352 772 3417 similia
790 3373 888 3437 opera
904 3351 1063 3437 perficere,
1085 3375 1148 3418 non
1167 3359 1234 3419 tam
1251 3353 1416 3420 nonnullis

360 3529 379 3594 ¹)
398 3527 492 3583 Muros
510 3543 572 3584 curn
591 3527 661 3594 dico,
684 3527 865 3599 intellegendi
888 3536 952 3584 sunt
974 3529 1049 3600 longi
1068 3529 1137 3584 muri
1161 3530 1263 3600 quiquo
1281 3529 1414 3586 Piraeum

268 3613 406 3685 cingebat
443 3615 478 3670 ci.
496 3615 574 3686 pacis
593 3617 797 3673 documentum:
817 3612 1011 3690 καββαλόντες
1029 3614 1079 3673 τὸν
1099 3619 1221 3689 Πειραιᾶ
1239 3620 1287 3672 καὶ
1306 3614 1341 3672 τὰ
1358 3638 1410 3686 μα-

268 3697 324 3774 κρὰ
343 3701 430 3774 σκέλη
450 3747 455 3759 .
472 3747 477 3760 .
494 3748 500 3760 .
516 3747 522 3759 .
541 3702 594 3760 τὰν
617 3701 733 3778 εἰράναν
756 3701 848 3777 έχοιτε
872 3707 952 3775 (Plut.
972 3708 1035 3778 Lys.
1056 3709 1138 3773 XIV).
1180 3707 1249 3761 Xen.
1269 3707 1302 3760 H.
1322 3706 1356 3762 G.
1374 3709 1414 3773 11,

269 3794 293 3858 2,
313 3793 348 3847 20
370 3787 406 3846 τά
427 3811 458 3848 τε
482 3791 579 3866 μακρὰ
601 3796 678 3866 τείχη
702 3798 751 3850 καί
773 3791 823 3851 τὸν
847 3797 968 3866 Πειραιᾶ
991 3791 1176 3860 καθελόντας.
1218 3795 1303 3850 Thuc.
1323 3796 1356 3862 V,
1376 3797 1415 3852 26

268 3876 304 3935 τᾶ
321 3877 419 3952 μακρὰ
437 3882 514 3952 τείχη
528 3885 577 3938 καί
594 3879 645 3939 τὸν
660 3885 782 3956 Πειραιᾶ
800 3883 967 3957 κατέλαβον.
992 3879 1020 3940 Ὀ
1036 3879 1188 3956 Πειραιεύς
1205 3891 1297 3940 autem
1316 3901 1415 3940 omnes

269 3969 435 4025 munitiones
453 3971 545 4026 Piraei
563 3972 710 4043 significat.
746 3974 810 4044 Lys.
830 3973 909 4041 XIII,
930 3975 964 4029 14
982 3963 1035 4029 ὅλα
1053 3970 1088 4028 τᾶ
1112 3969 1210 4045 μακρὰ
1228 3973 1305 4044 τείχη
1325 3991 1415 4028 κατα-

269 4051 379 4128 σκάψαι
398 4101 404 4113 .
420 4101 426 4113 .
441 4101 447 4113 .
464 4102 470 4113 .
490 4062 538 4116 καί
556 4057 589 4116 τὸ
609 4065 675 4132 περί
693 4057 743 4118 τὸν
763 4064 885 4134 Πειραιᾶ
903 4070 996 4134 τεῖχος
1013 4064 1162 4134 περιελεῖν.

359 4147 380 4215 ¹)
399 4148 582 4205 waeesmuu
602 4151 646 4206 aa
664 4151 747 4206 εισι
765 4151 857 4206 αισα
875 4153 895 4207 1.
914 4169 941 4221 p.
961 4152 1021 4208 aar.

360 4237 380 4298 'l
400 4237 509 4294 Curtius
528 4239 568 4294 11⁴
585 4256 612 4309 p.
634 4242 682 4296 111
704 4249 733 4296 et
751 4241 814 4296 adn.
833 4241 877 4297 51.

265 4359 267 4364 ·
358 4327 379 4396 ⁴)
398 4327 578 4384 Wachsmnth
597 4345 624 4401 p.
643 4330 703 4386 557.
722 4331 783 4389 boc.
