3010 4896
253 296 295 362 aa
687 333 730 344 -
777 295 874 380 [124]
920 333 963 344 .-

253 493 406 577 Agerato,
442 498 480 558 ut
515 498 583 556 tum
614 492 743 575 quidem
776 490 942 575 effugeret,
979 496 1089 574 postea
1120 491 1252 568 rediret,
1287 491 1313 554 si
1344 511 1394 554 res
1497 521 1498 532 ο

252 599 398 684 publicae
420 598 454 665 in
475 599 636 665 meliorem
654 603 771 665 strabun
790 598 992 664 recessissent
1013 619 1115 683 neque
1136 597 1235 662 ullum
1257 603 1394 662 exstaret
1497 629 1498 632 ¹

252 706 434 790 periculum
484 705 605 771 Deinde
633 707 716 791 quod
745 705 875 772 Grotius
903 705 1037 770 Athenis
1064 711 1131 770 tum
1159 726 1228 770 oum
1255 705 1394 786 undique
1497 695 1498 760 3

253 813 480 896 obsidebantur
507 813 656 897 effugium
682 813 801 878 nemini
828 812 968 896 patuisse
991 817 1097 896 putat,
1124 811 1204 876 adeo
1231 810 1395 876 obsidione
1497 863 1498 876 ,

252 921 339 986 nulla
364 919 443 985 urbs
468 919 573 985 claudi
600 921 740 1004 potuisse
767 919 901 996 videtur,
932 925 969 984 ut
994 941 1035 984 ne
1067 919 1146 984 ratis
1173 918 1300 1001 quidem
1330 939 1396 982 una
1497 927 1498 940 ¹

253 1028 392 1092 alterave
419 1028 500 1093 olam
530 1027 673 1094 hostibus
705 1049 722 1092 e
754 1032 849 1110 portu
881 1025 1073 1092 eveheretur.
1125 1025 1232 1091 Veluti
1263 1024 1396 1107 legimus
1497 1079 1498 1082 ,

252 1135 336 1218 apud
359 1134 574 1218 Thucydidem
596 1132 637 1220 (1,
659 1133 710 1199 64.
734 1133 792 1218 65)
816 1155 886 1199 cum
908 1134 1061 1199 Potidaea
1083 1131 1123 1198 ab
1147 1131 1396 1198 Atheniensibus
1497 1131 1498 1202 ἶ

252 1247 339 1306 terra
365 1239 507 1325 marique
534 1247 780 1326 oppugnaretur,
789 1239 815 1326 1)
846 1240 1005 1307 Aristeum
1036 1240 1150 1306 ducem
1180 1240 1328 1316 suasisse,
1359 1245 1397 1304 ut

253 1369 360 1414 omnes
383 1347 504 1413 incolae
527 1350 666 1432 exceptis
689 1349 878 1432 quingentis,
906 1348 960 1431 qui
982 1347 1093 1413 urbem
1116 1347 1329 1424 defenderent,
1356 1369 1397 1412 ex
1497 1387 1498 1394 ο

252 1454 331 1520 urbe
358 1455 572 1520 eveherentur.
622 1456 712 1534 Quod
745 1454 910 1521 consilium
935 1477 1007 1520 cum
1034 1456 1261 1539 neglegeretur,
1292 1454 1398 1538 ipsum
1497 1473 1498 1536 t

252 1562 381 1645 quidem
404 1562 484 1628 olam
506 1562 651 1628 hostibus
674 1584 712 1628 ex
735 1562 813 1627 urbe
835 1561 979 1628 evasisse.
1020 1562 1140 1639 Quodsi
1165 1562 1306 1627 Aristeus
1328 1560 1398 1626 fere
1497 1565 1498 1632 ξ

253 1689 360 1734 omnes
382 1668 500 1734 incolas
524 1669 661 1752 effugere
684 1690 774 1754 posse
796 1669 940 1753 putabat,
962 1691 999 1734 re
1021 1691 1096 1734 vera
1122 1671 1190 1753 ipse
1214 1667 1398 1752 effugiebat,

253 1797 316 1841 non
333 1775 434 1852 tideo,
453 1797 509 1842 our
527 1776 661 1842 Athenis
677 1775 834 1860 Ageratos
852 1776 997 1842 navicula
1015 1777 1147 1842 evadere
1165 1796 1227 1840 nou
1246 1776 1399 1859 potuerit.
1497 1779 1498 1864 ᾗ

254 1882 313 1946 lllo
340 1888 445 1947 autem
478 1883 546 1969 ipso
578 1889 720 1967 tempore
746 1883 956 1968 Lysandrum,
988 1905 1058 1948 cum
1089 1883 1227 1967 primum
1253 1881 1400 1947 Athenas
1497 1899 1498 1938 t

252 1995 359 2054 rectus
383 1995 467 2056 esset
493 1990 677 2075 obsidioque
698 1991 872 2074 longinqua
893 1989 963 2055 fieri
985 1991 1154 2068 videretur,
1183 1991 1261 2056 satis
1287 1989 1400 2056 multis
1497 2027 1498 2086 3

253 2096 385 2162 navibus
415 2096 547 2162 relictis
566 2118 647 2181 quae
679 2098 712 2161 in
745 2099 978 2182 oppugnatione
1009 2102 1258 2181 perseuerarent,
1290 2097 1400 2180 ipsum

253 2203 381 2269 Samum
402 2205 519 2288 petisse
542 2204 651 2282 videri,
673 2204 779 2288 paullo
804 2211 874 2287 post
897 2203 1084 2270 videbImusr
1110 2226 1174 2288 qua
1196 2226 1230 2268 rc
1252 2209 1402 2287 respecta

253 2317 289 2373 ut
316 2311 432 2393 singuli
459 2310 602 2376 homines
629 2311 803 2394 effugerent
826 2311 918 2376 facile
945 2310 1014 2376 fieri
1036 2313 1177 2395 potuisse
1203 2311 1400 2396 putabimus,
1497 2311 1498 2314 ’

254 2415 417 2482 Accedunt
456 2419 639 2483 testimonia
680 2419 755 2497 duo,
794 2419 880 2483 unde
921 2419 1016 2484 etiam
1056 2440 1152 2484 naves
1187 2424 1401 2484 commeatum
1497 2401 1498 2404 Ἴ

252 2529 415 2606 portantes
438 2526 471 2588 in
498 2524 643 2590 Piraeum
670 2547 727 2610 per
754 2525 861 2590 hostes
889 2526 969 2591 clam
996 2531 1177 2610 penetrasse
1204 2525 1401 2590 verisimilli-

252 2651 338 2694 mum
360 2628 405 2696 fia
450 2632 488 2697 In
507 2632 655 2698 Isocratis
679 2632 763 2698 enim
781 2633 924 2698 oratione
942 2632 1059 2709 XVIII,
1077 2633 1118 2697 61
1144 2637 1302 2708 narratur,
1325 2653 1402 2696 cum

251 2737 415 2823 Lysander
441 2739 544 2822 capite
572 2739 738 2816 sanxisset,
769 2761 809 2804 ne
827 2742 911 2824 =quIs
943 2739 1135 2805 frumentum
1166 2739 1306 2803 Athenas
1338 2741 1402 2803 ed-

252 2845 394 2922 veheret,
420 2847 588 2912 nonnullos
615 2846 698 2913 cives
724 2852 814 2912 tanto
842 2847 938 2912 luisse
965 2848 998 2911 iu
1025 2845 1251 2930 rempublicam
1279 2845 1402 2922 studio,
1497 2829 1498 2866 3

252 2958 289 3016 ut
306 2973 377 3018 cum
395 2952 451 3017 alii
474 2973 514 3018 ne
533 2975 590 3020 sua
607 2954 735 3038 quidem
753 2954 924 3038 importare
942 2954 1104 3030 auderent,
1128 2952 1173 3018 illi
1193 2952 1403 3028 frumentum,

253 3060 338 3144 quod
364 3059 406 3124 ad
432 3060 540 3125 hostes
567 3061 743 3138 veheretur,
769 3061 996 3144 interciperent
1024 3066 1057 3126 et
1087 3062 1120 3124 in
1147 3059 1294 3123 Piraeum
1322 3083 1401 3143 per-

253 3167 417 3232 ducerent:
445 3188 503 3251 pro
531 3189 593 3250 quo
620 3166 772 3234 beneficio
800 3167 925 3252 publice
948 3169 1071 3233 coronis
1095 3167 1227 3232 donatos
1250 3187 1319 3231 esse
1342 3189 1403 3234 eos

252 3273 441 3357 nominaque
468 3295 576 3339 eorum
603 3275 798 3358 proclamata
820 3282 894 3340 ante
922 3275 1052 3340 heroum
1080 3293 1302 3358 eponymorum
1331 3281 1404 3340 sta-
1497 3305 1498 3312 ο

252 3388 332 3446 tuas.
378 3380 443 3446 Ubi
466 3403 654 3465 quamquam
681 3403 744 3448 non
767 3382 958 3448 dictumest
984 3383 1048 3446 iam
1075 3387 1143 3445 tum
1169 3380 1280 3445 urbem
1307 3382 1403 3446 navi-

252 3488 312 3554 bus
335 3489 561 3554 circumdatam
583 3489 688 3566 fuisse,
710 3494 815 3554 tamen
839 3490 892 3554 vix
914 3488 1066 3554 credibile
1089 3493 1146 3565 est,
1167 3487 1318 3572 populum
1342 3509 1404 3555 eos

252 3597 380 3677 summis
402 3595 575 3662 honoribus
597 3595 783 3662 alladorum
805 3595 910 3674 fuisse,
933 3597 995 3662 nisi
1013 3595 1175 3679 Lysander
1198 3595 1261 3659 iam
1282 3594 1402 3662 urbem

251 3703 405 3770 inclusam
427 3703 587 3769 tenuisset
623 3705 792 3770 Praeterea
814 3704 1018 3780 moratione,
1041 3723 1122 3786 quae
1144 3703 1229 3788 iuter
1246 3702 1403 3786 Lysiacae

252 3812 377 3896 legitur,
395 3811 428 3876 in
446 3810 642 3876 Andocidem
659 3811 771 3878 habita
783 3810 837 3888 VI,
855 3811 897 3876 49
917 3810 1096 3876 Andocides
1114 3811 1267 3892 arguItur,
1286 3832 1403 3894 quarn-

252 3941 349 4004 quam
373 3919 532 3984 civitatem
560 3919 593 3983 in
619 3919 716 3984 tantis
743 3917 845 3983 turbis
869 3923 901 3983 et
928 3917 1075 4002 periculis
1098 3919 1215 3984 versari
1244 3918 1404 3996 scivisset,

253 4033 357 4092 tanuen
385 4025 576 4090 frumentum
608 4028 640 4091 in
667 4025 778 4091 urbem
809 4026 981 4110 importare
1012 4025 1212 4110 patriamque
1244 4025 1402 4092 adiuvare

279 4265 282 4272 ⁴
343 4277 361 4342 ¹)
380 4275 428 4329 καὶ
448 4263 538 4338 οὕτως
556 4267 607 4344 ἤδη
625 4270 699 4329 κατὰ
714 4269 819 4345 κράτος
837 4267 854 4343 ἡ
871 4273 1025 4329 Ποτείδαια
1039 4269 1251 4345 ἀμφοτέρωθεν
1266 4269 1403 4345 ἐπολιορ-

252 4373 331 4420 κεῖτο
350 4365 398 4421 croi
418 4359 451 4420 ἐκ
470 4358 618 4433 θαλάσσης
636 4365 735 4419 ναυσὶν
752 4352 812 4430 ἅμα
830 4358 1026 4434 ἐφορμούσαις
1043 4363 1074 4431 (I,
1093 4364 1136 4430 64,
1155 4364 1189 4430 3).
