3010 4896
219 1245 295 1310 Cum
318 1266 490 1328 paucorum
508 1247 697 1330 scriptorum
716 1253 854 1314 veterum
874 1249 914 1313 de
932 1247 1026 1314 rebus
1044 1247 1178 1314 Athenis
1200 1256 1273 1332 post

141 1371 267 1433 pugnam
298 1353 383 1434 apud
411 1352 659 1434 Aegospotamos
691 1354 887 1420 commissam
918 1354 1016 1437 gestis
1048 1355 1199 1419 momoria
1230 1359 1270 1420 ad

141 1461 239 1519 nostra
268 1463 413 1540 tempora
443 1462 622 1540 pervenerit
650 1459 814 1541 eidemque
846 1461 879 1524 in
907 1458 1002 1524 rebus
1029 1480 1068 1524 ex
1096 1465 1272 1544 temporum

141 1562 240 1626 ordino
262 1564 466 1646 disponendis
485 1564 610 1647 saepius
634 1565 713 1629 miro
740 1566 833 1630 modo
860 1567 944 1630 inter
967 1587 1001 1629 se
1024 1565 1186 1643 differant,
1214 1567 1273 1630 viri

142 1667 226 1745 docti,
247 1670 301 1753 qui
325 1691 425 1753 nuper
448 1669 614 1734 historiam
636 1670 721 1736 illius
740 1671 856 1736 aetatis
874 1677 1110 1754 pertexuerunt,
1132 1671 1187 1736 alii
1210 1673 1273 1737 alio

143 1775 355 1840 moderarum
383 1797 420 1840 eo
447 1781 590 1858 temporo
623 1781 783 1859 gestarum
814 1778 958 1842 ordinem
985 1783 1154 1860 exponunt.
1205 1779 1274 1856 Qua

144 1880 177 1943 de
201 1901 290 1946 causa
317 1903 432 1964 operae
460 1882 596 1964 pretium
622 1881 745 1946 videtur
773 1903 822 1959 ea,
850 1904 931 1964 quae
959 1884 1190 1950 controversiae
1219 1885 1273 1949 ob-

145 1987 228 2050 noxia
249 1994 331 2064 sunt,
354 1989 458 2052 denuo
481 1993 629 2052 tractare.

222 2093 265 2159 Ae
291 2093 384 2158 nobis
412 2094 451 2158 de
479 2095 524 2159 eis
551 2093 646 2158 rebus
673 2095 864 2176 quaesituris
892 2097 1036 2179 inprimis
1063 2097 1276 2179 comparanda

144 2205 207 2262 sunt
229 2221 306 2282 quae
330 2200 451 2264 tradita
473 2206 547 2264 sunt
570 2220 590 2264 a
611 2199 821 2284 Xenophonte
845 2207 876 2264 et
899 2201 1002 2284 Lysia,
1026 2224 1104 2286 qnos
1127 2203 1275 2284 aequales

142 2304 197 2370 illis
218 2305 411 2390 temporibus
430 2305 564 2370 Athenis
587 2311 727 2372 versatos
751 2327 818 2371 esse
840 2287 971 2371 constat.
1014 2307 1133 2384 Quodsi
1153 2307 1274 2372 Xouo·

143 2411 307 2491 phontom
326 2411 379 2496 (H.
395 2411 432 2476 G.
447 2411 487 2488 ΙΙ,
501 2411 546 2496 2),
569 2433 675 2476 rernm
698 2418 858 2478 auctorem
881 2412 1112 2495 gravissimum,
1139 2415 1275 2496 primurn

144 2518 299 2600 sequimur,
326 2519 423 2582 series
446 2538 550 2581 rernm
573 2518 646 2582 talis
670 2517 883 2583 informanda:
911 2518 1022 2602 Pugna
1046 2521 1129 2603 apud
1155 2517 1274 2601 Aegos·

145 2629 274 2703 potamos
305 2623 471 2688 commissa
502 2623 665 2706 Lysander
696 2624 872 2708 complures
908 2625 1000 2690 urbes
1033 2625 1215 2706 insulasque
1242 2625 1276 2687 in

145 2735 321 2808 potestatem
343 2750 432 2794 suam
456 2729 593 2812 redegit,
616 2736 724 2812 captos
749 2729 957 2796 Athenienses
982 2731 1123 2796 Athenas
1147 2730 1277 2805 dimisit,

146 2834 243 2900 urbem
275 2857 343 2900 cum
378 2837 406 2898 vi
439 2856 477 2899 ac
509 2835 629 2918 impetu
662 2856 842 2918 expugnaro
874 2858 936 2900 non
973 2842 1093 2920 posset,
1129 2857 1163 2900 se
1194 2835 1277 2900 famo

147 2947 296 3022 captiuum
333 2961 401 3004 esso
433 2947 520 3005 ratus
553 2963 590 3006 oo
625 2942 727 3024 prius,
763 2963 824 3024 quo
855 2942 962 3024 plures
993 2942 1026 3005 in
1062 2941 1142 3006 urbe
1174 2947 1277 3006 essent

147 3045 175 3128 (ξ
192 3047 231 3132 2).
276 3048 404 3112 Interea
427 3069 497 3111 cum
520 3047 730 3112 Athenienses
753 3069 848 3129 quam
871 3049 1006 3112 maxime
1027 3053 1157 3130 possent
1180 3068 1213 3111 se
1235 3047 1275 3111 ad

146 3149 254 3217 hostem
285 3153 533 3236 propulsandum
565 3153 761 3236 paravissent
789 3153 822 3236 (ξ
845 3153 891 3237 4),
923 3153 1095 3217 Pausanias
1128 3156 1160 3215 et
1193 3151 1278 3234 Agis,

148 3277 224 3340 reges
251 3258 585 3334 Lacedaemoniorum,
618 3279 688 3322 cum
720 3259 818 3340 copiis
854 3257 1053 3341 pedestribus
1081 3257 1193 3322 urbem
1220 3279 1277 3341 cp-

148 3371 351 3446 pugnaverunt
380 3365 414 3446 (§
439 3364 484 3450 8),
516 3363 678 3447 Lysander
705 3365 772 3445 ipse
799 3365 878 3427 mari
908 3370 1018 3429 eontra
1046 3364 1178 3428 eandem
1206 3383 1277 3446 pro-

148 3467 234 3535 iectus
264 3477 311 3535 est
340 3473 374 3553 (ξ
398 3471 443 3555 9),
475 3476 511 3534 ut
543 3471 681 3554 undique
713 3469 866 3534 inclusam
899 3492 932 3533 se
964 3469 1091 3534 tradere
1123 3473 1278 3550 cogerent.

148 3573 278 3643 linceos
306 3598 378 3660 spes
406 3575 527 3640 fefellit.
577 3575 671 3652 Nam,
704 3595 894 3658 quamquam
927 3575 1018 3639 initio
1046 3575 1133 3639 nulla
1159 3574 1278 3638 mentio

149 3679 303 3748 deditionis
330 3681 441 3759 fiebat,
469 3689 587 3758 tamen,
615 3703 686 3748 eum
708 3681 825 3746 cotidie
849 3677 939 3754 multi
966 3679 1049 3744 fame
1073 3685 1279 3753 morerentur,

150 3807 208 3852 eum
230 3790 343 3874 Agide,
371 3809 446 3871 rege
473 3788 574 3853 altero
602 3787 936 3862 Lacedaemoniorum,
964 3786 1004 3850 de
1031 3807 1107 3869 pace
1135 3785 1182 3848 ita
1208 3805 1279 3867 oge-

150 3900 223 3971 mnt,
248 3901 284 3959 ut
310 3917 416 3960 muros
444 3900 476 3958 et
504 3894 651 3958 Piraeum
684 3899 830 3958 tenerent
857 3892 1176 3972 Lacedaemoniisque
1203 3890 1278 3955 socii

151 3995 247 4066 fierent
273 4002 307 4087 (ξ
333 4001 398 4086 11).
444 4000 507 4065 Sed
534 4000 633 4082 legati
656 3999 697 4063 ab
722 3999 822 4080 Agide
847 3997 993 4081 Spartam
1020 3994 1183 4084 proficisci·
1203 3995 1279 4058 iussi

152 4123 243 4171 noxe
265 4107 480 4190 Peloponneso
503 4127 627 4188 quoque
650 4127 686 4169 re
709 4104 827 4169 inlecta
847 4105 1021 4179 redierunt,
1044 4123 1113 4167 cum
1133 4100 1280 4184 Spartam

154 4207 239 4289 ipsam
261 4215 379 4276 intrare
402 4212 647 4294 prohiberentur
666 4211 706 4274 ab
726 4211 862 4294 ephoriS,
885 4211 938 4291 qui
962 4230 1071 4292 pacem
1094 4206 1161 4271 scre
1185 4227 1280 4287 nega·
1367 4233 1369 4240 r

157 4311 227 4394 bant,
247 4319 305 4381 nisi
330 4339 490 4384 murorum
513 4319 651 4382 maxima
673 4339 747 4402 pars
766 4316 946 4381 dirueretur
964 4315 998 4398 (ξ
1020 4315 1174 4400 12-13).
1212 4313 1281 4388 Qua
