2994 4890
524 381 569 392 -
616 345 699 426 μοι]
746 381 788 392 -
1162 345 1222 406 109

175 552 209 616 p.
227 532 333 596 986⁹ss
356 532 437 597 haec
458 531 492 596 in
515 530 623 597 podice
645 531 810 614 leguntur:

1011 609 1094 702 αότη
1117 615 1180 696 μὲν
1201 609 1220 700 ή

90 721 207 785 λυσίου
230 717 379 806 διήγησις
403 717 438 784 ἐκ
461 726 521 786 τοῦ
542 721 756 796 κατατίσιδος
778 717 896 803 λόγου·
922 716 963 805 ἢν
978 717 1013 783 δὲ
1035 725 1096 784 νῦν
1110 719 1220 800 μέλλω

89 824 207 907 λέγειν,
222 822 464 910 δημοσθένους,
480 821 516 888 ἐκ
528 830 588 890 τοῦ
596 847 681 888 κατα
690 820 849 898 κόνωνος·
868 813 974 908 ήςιήν
986 818 1223 908 πραγματικὴν

90 919 272 1013 ὁμοιότητα
296 924 456 1003 ἐάσαντες
477 928 539 992 lae.
560 931 685 992 14—16
702 927 762 992 litt.
788 922 848 1012 τήν
869 923 905 991 ἒν
923 931 962 1011 τή
979 926 1065 1004 λέξει
1088 931 1221 990 σκοπῶ-

89 1053 167 1111 μεν·
194 1031 264 1094 κτλ.
311 1031 426 1111 Verba,
452 1050 535 1114 quae
556 1031 675 1097 iustum
697 1030 872 1096 litterarum
895 1050 1060 1095 numerum
1076 1049 1221 1114 compre-

88 1133 280 1216 henderent,
312 1153 375 1200 non
397 1133 517 1200 inveni.
564 1133 756 1218 Sylburgius
782 1133 928 1198 lacunam
950 1132 992 1199 ad
1017 1151 1146 1200 sensum
1175 1133 1221 1198 ita

88 1238 213 1321 explet:
241 1230 285 1313 ὥς
308 1231 406 1302 οὐδὲν
429 1233 516 1320 πρὸς
539 1235 580 1300 τὰ
603 1234 639 1302 ἐν
659 1237 755 1321 χερσὶ
776 1233 1028 1322 προσήκουσαν.

173 1378 207 1442 p.
228 1361 353 1423 10350ss
375 1357 605 1423 Ambrosianus
628 1356 709 1423 haec
731 1357 882 1441 praebet:

422 1461 606 1526 καὶταῦτα
629 1458 776 1545 πάρισα·
806 1453 824 1525 ό
849 1461 945 1526 θίὶίλ.
971 1457 1105 1543 κόμνιοι
1127 1455 1216 1525 ταῦτ’

88 1562 172 1629 είσὶν
196 1558 271 1629 οὐδ’
297 1557 475 1648 άγάθωνες
498 1561 530 1628 οἱ
546 1565 698 1647 λέγοντες
721 1559 820 1648 ὕβριν
842 1558 862 1650 ἢ
886 1564 982 1629 31ἰίί.
1008 1585 1090 1649 πριν
1105 1569 1220 1646 μισθώ

87 1667 200 1733 ποθὲν
223 1662 241 1754 ἢ
257 1664 393 1750 μόχθον
407 1667 595 1752 πατρίδων·
623 1661 693 1732 ἀλλ’
712 1661 729 1731 ό
747 1666 787 1754 δή
806 1671 825 1731 6
842 1668 901 1732 litt.
927 1690 999 1743 νιος
1019 1664 1219 1753 ἑρμηνεῦσαι

86 1768 236 1836 πλάταν·
255 1772 312 1835 καί
323 1765 445 1846 αὐτοῖς
457 1767 626 1857 σχήμασιν
638 1768 697 1836 ίπι
712 1774 794 1834 6-7
802 1770 862 1835 litt.
883 1774 980 1855 φέρει
991 1766 1053 1855 γάρ
1067 1793 1149 1834 ποτε
1162 1771 1218 1834 καὶ

85 1881 190 1940 ταῦτα
205 1886 278 1950 τοῖς
290 1871 402 1957 λόγοις
414 1867 505 1958 ὥραν
519 1867 624 1959 οόχαρ
639 1877 763 1939 10-12
775 1873 837 1939 litt.
856 1868 916 1958 τήν
931 1869 991 1959 τήν
1004 1870 1218 1958 ἐπιτήδευσιν
1232 1888 1247 1934 5

86 1971 196 2043 αὐτῶν
209 1978 267 2041 καί
282 1975 342 2063 τήν
358 1970 438 2041 άκαι
463 1980 588 2042 13-16
603 1977 664 2042 litt.
711 1998 791 2058 μαι·
818 1975 875 2040 καί
889 1973 1036 2057 μάλιστα

86 2074 167 2146 όταν
180 2074 249 2145 ὑπὸ
265 2076 421 2146 τοιοότσυ
436 2083 569 2166 γίνηται
585 2074 716 2165 ἀνδρὸς,
744 2068 770 2142 ὦ
784 2075 902 2144 κανόνι
918 2071 1125 2164 ὀρθοεπείας

84 2179 280 2268 χρήσασθαι
295 2176 465 2263 άξιοῦμεν.

169 2303 252 2349 vers.
276 2289 289 2348 1
322 2291 394 2369 post
416 2281 547 2369 πάρισα
570 2283 701 2366 volgata
723 2283 908 2369 suppeditat
934 2277 974 2348 οὐ
994 2279 1191 2365 Λικύμνιοι.

169 2406 254 2452 vers.
275 2389 295 2449 2
317 2387 339 2451 l.
360 2380 461 2472 ὕβριν
483 2381 701 2474 ή<κά>πρινί

167 2509 251 2556 vers.
271 2494 290 2555 3
312 2490 334 2554 l.
356 2486 474 2555 πόθον
489 2483 509 2576 ἢ
524 2486 682 2571 μόχθονί
718 2491 795 2556 Post
817 2489 836 2554 δ
858 2509 979 2572 rasura,
1007 2509 1106 2574 supra
1120 2509 1215 2571 quam

82 2592 144 2657 duo
172 2598 292 2677 puncta
314 2599 565 2676 cognoscuntur,;
605 2593 666 2658 fuit
692 2593 791 2676 igitur
813 2618 826 2658 ι
848 2599 904 2658 aut
926 2617 957 2658 v.
1012 2592 1063 2656 Ex
1085 2592 1217 2676 volgata

83 2691 257 2777 δαιμόνιος
282 2693 525 2761 restituendum.

165 2817 280 2864 versus
292 2801 377 2862 4-6
400 2797 590 2882 Sylburgius
605 2797 652 2861 ita
667 2796 735 2863 fere
752 2797 964 2862 restituendos
979 2797 1131 2863 coniecit:
1159 2799 1216 2862 καί

82 2893 207 2974 αὐτοῖς
223 2885 391 2986 σχήμασιν
407 2897 563 2980 ἐπιτιμῶ·
586 2903 683 2985 φέρει
699 2896 762 2983 γάρ
778 2921 862 2962 ποτε
877 2898 935 2961 καί
949 2905 1055 2964 ταῦτα
1071 2911 1142 2975 τοῖς
1158 2896 1216 2964 λό-

81 3023 151 3083 γοις
167 2995 259 3086 ιόραν
279 3001 336 3065 καί
351 2999 451 3084 χάριν
467 2995 507 3066 οὐ
526 3005 680 3087 μετρίαν·
707 2994 781 3065 οὐδ’
796 2993 901 3086 αὐτήν
921 2998 981 3087 τήν
1002 2999 1216 3088 ἐπιτήδευσιν

82 3098 190 3169 αότιῖιν
204 3109 393 3190 μέμφομαι,
421 3097 506 3167 δλλδι
522 3102 582 3190 τήν
598 3098 759 3196 ἀκαιρίαν
773 3096 893 3168 αὐτῶν.
932 3102 1037 3181 Quam
1052 3105 1214 3171 coniectu-

83 3226 149 3272 ram
172 3213 322 3291 exparte
345 3212 474 3272 secutus
496 3213 625 3291 propter
640 3205 843 3273 Ambrosiani
866 3205 1033 3272 lectionem
1049 3207 1148 3272 verba
1169 3207 1215 3273 ita

80 3309 312 3375 constituerim:
339 3309 398 3373 καί
413 3302 453 3374 οὐ
468 3321 538 3384 τοῖς
555 3305 722 3394 σχήμασιν
745 3307 904 3390 ἐπιτιμῶ·
931 3313 1029 3395 φέρει
1049 3305 1112 3394 γάρ
1130 3334 1213 3375 ποτε

79 3412 254 3478 καὶταῦτα
271 3423 342 3487 τοῖς
364 3408 478 3495 λόγοις
494 3405 584 3496 ὥραν
603 3412 661 3476 καί
674 3408 787 3497 χάριν·
815 3403 884 3474 ἀλλ’
896 3405 1001 3497 αὐτήν
1023 3408 1082 3497 τήν
1098 3409 1215 3499 ἐπιτή-

79 3512 193 3580 δευσιν
208 3507 320 3581 αὐτῶν
335 3515 393 3578 καί
408 3510 469 3600 τήν
486 3507 644 3598 ἀκαιρίαν
664 3518 853 3599 μέμφομαι.
868 3537 871 3544 ’
888 3513 1035 3580 Ceterum
1051 3513 1094 3579 ad
1109 3534 1212 3580 enun-

78 3615 148 3680 tiati
159 3617 350 3684 sententiam
363 3624 396 3684 et
407 3624 599 3684 structuram
610 3616 758 3683 conferas
772 3637 805 3701 p.
819 3619 858 3680 56
867 3621 874 3679 Ι
883 3643 925 3681 τεο
940 3617 998 3681 καί
1013 3610 1053 3682 οὐ
1067 3613 1213 3702 τὸγένος

78 3723 256 3806 μέμφομαι
278 3725 345 3785 τῶν
360 3717 556 3805 σχημάτων·
583 3719 706 3784 πολλοί
728 3716 791 3804 γάρ
815 3713 931 3795 αὐτοῖς
951 3716 1134 3805 ἐχρήσαντο
1157 3722 1213 3785 καὶ

79 3835 283 3910 συγγραφεῖς
299 3823 357 3886 καί
372 3820 510 3909 ῥήτορες
526 3816 669 3888 άνθίσαι
691 3819 894 3904 βουλόμενοι
917 3819 978 3908 τήν
993 3823 1100 3901 λέξιν·
1126 3818 1212 3888 ἀλλὰ

79 3920 139 3989 τὸν
153 3923 380 4008 πλεονασμόν.
419 3924 518 3990 Voces
534 3919 603 4010 ὥρα
619 3931 652 3990 et
666 3922 764 4010 χάρις
779 3923 866 4008 apud
876 3924 1069 4009 Dionysium
1082 3926 1211 4009 saepius

79 4026 262 4092 coniunctae
285 4028 453 4110 leguntur,
487 4026 527 4094 ef.
554 4046 584 4092 e.
610 4047 642 4110 g.
669 4048 701 4111 p.
721 4030 792 4090 5612
820 4025 856 4089 αί
878 4026 1064 4108 μεταβολαί
1093 4024 1211 4090 καὶτὸ

79 4133 211 4212 πρέπον
233 4124 293 4195 οὐκ
316 4127 431 4210 ἔχουσι
453 4126 513 4215 τήν
528 4123 633 4214 αὐτην
649 4123 739 4213 ὥραν
754 4129 811 4192 καὶ
826 4126 934 4214 χάριν.
976 4131 1053 4192 8202
1077 4126 1211 4212 ἐπιτρέ-

78 4253 131 4310 χει
144 4237 258 4313 μέντοι
274 4255 324 4308 τις
340 4226 409 4315 ὥρα
426 4243 495 4306 τοῖς
511 4229 622 4316 ἔργοις
637 4225 747 4297 αότιῖιν
768 4231 822 4294 καί
838 4228 947 4315 χάρις.
994 4234 1086 4294 ίίίίίι
1106 4229 1211 4318 φύσιν
