3034 4896
705 321 921 399 ..14-

121 549 124 554 ·
250 524 460 590 existimaret.
486 523 539 589 bic
561 531 668 588 tamen
691 543 762 588 oum
785 530 909 590 ceteros
930 542 1061 604 versus,
1087 521 1202 605 quibus
1231 521 1272 586 de
1295 521 1380 587 caelo

247 635 409 711 ageretur,
433 647 497 693 non
519 635 583 692 tam
607 627 702 692 facile
725 627 767 693 ad
789 627 929 692 animum
953 625 1121 692 transferri
1143 645 1239 710 posse
1253 625 1379 690 intelle-

246 738 347 814 geret,
373 737 528 815 acoepto
551 729 783 797 transcribendi
806 731 914 796 labore
937 750 1010 794 mox
1034 729 1181 795 destitito.

593 834 648 916 1v,
678 837 749 896 102.
777 835 795 896 a
823 836 876 918 r=
898 837 950 898 ca.
977 837 1006 910 s)

591 937 629 1018 v,
660 938 751 1000 1388.
778 940 798 1000 o
828 937 998 1018 (21454.
1025 937 1054 1018 5)

245 1040 312 1105 Hos
335 1059 467 1123 quoque
481 1039 545 1104 iam
569 1037 795 1104 Lachmannus
817 1059 858 1104 ex
881 1045 970 1104 textu
993 1037 1139 1103 removit.

331 1144 403 1208 Duo
424 1149 547 1208 restant
568 1143 640 1222 loci,
667 1141 722 1225 qui
740 1141 783 1207 ad
803 1162 933 1226 operam
949 1141 1078 1208 lectoris
1101 1139 1281 1226 philosophi
1305 1140 1377 1205 illu·
1499 1183 1500 1228 3

246 1246 407 1312 strandam
432 1246 547 1312 summi
563 1246 713 1311 momenti
729 1245 804 1326 sint,
831 1265 903 1312 cum
925 1244 1002 1311 inde
1023 1244 1201 1311 clarissime
1222 1251 1376 1328 appareat

247 1370 318 1416 eum
348 1349 582 1434 interpolandis
615 1348 760 1414 versibus
789 1369 852 1413 non
880 1348 1054 1415 studuisse.
1107 1349 1144 1414 In
1178 1347 1258 1414 libro
1280 1348 1376 1412 altero

247 1453 384 1537 legimus
408 1460 482 1537 post
504 1472 630 1519 versum
656 1443 737 1516 1018

443 1557 487 1620 cic
509 1556 586 1639 epota
607 1556 641 1620 in
662 1555 754 1621 rebus
776 1555 851 1620 item
873 1556 936 1620 iam
958 1555 1108 1620 materiai

336 1662 416 1722 1020
439 1660 608 1723 intervalla
630 1659 697 1723 caba
719 1681 851 1724 concerta
869 1661 1015 1744 pondera
1033 1659 1179 1743 plopas¹)

445 1785 613 1826 concursus
634 1771 735 1827 motus
758 1765 834 1826 ordo
851 1764 999 1846 positura
1015 1763 1148 1848 fipuroe

443 1887 512 1929 cum
531 1874 764 1950 permutantur,
789 1867 911 1930 mutari
929 1889 980 1932 rea
1002 1889 1123 1952 quoquo
1145 1867 1266 1930 debeat.

701 1972 782 2034 1020
805 1999 847 2024 =
872 1972 945 2032 726.

330 2073 451 2139 Versus
480 2073 579 2156 igitur
604 2075 685 2136 1020
714 2072 748 2136 in
777 2072 862 2138 buno
892 2073 995 2138 locum
1024 2073 1234 2157 transcriptus
1264 2079 1313 2138 est
1340 2092 1377 2136 ea

244 2176 431 2254 mutatione,
460 2196 524 2259 qua
551 2196 632 2260 opus
662 2182 748 2258 erat,
782 2175 809 2241 si
840 2177 1097 2260 interpolaretur,
1131 2196 1193 2241 non
1222 2175 1373 2255 adbibita,

244 2299 443 2363 quaequam
467 2279 572 2344 facilis
596 2277 700 2359 fcerit,
725 2279 840 2344 elucet.

330 2400 463 2466 Accedit
484 2401 539 2466 ilie
562 2401 667 2478 locus,
698 2419 789 2483 quem
813 2399 984 2483 Briegerus
1009 2399 1115 2465 adbuc
1138 2401 1225 2466 aolus
1247 2399 1289 2470 ad
1313 2401 1372 2464 tec-

244 2504 321 2570 toris
342 2504 523 2588 philosophi
547 2523 676 2587 operam
700 2503 822 2568 rettulit
842 2503 1009 2586 (Philolog.
1027 2505 1145 2585 XXIV,
1162 2505 1254 2584 rtet:

701 2607 744 2687 11,
772 2609 917 2670 ono-31

460 2711 609 2774 Versibus
632 2711 792 2774 ostendam
815 2711 1001 2792 corpusculo
1022 2710 1170 2776 mcwnbr'

452 2836 491 2878 oo·
513 2814 634 2899 irfioito
656 2835 807 2877 sommam
829 2822 935 2877 rerum
957 2835 1053 2898 usque
1076 2821 1191 2892 tencre,

451 2918 585 3001 undiquc
603 2916 729 2999 protelo
747 2917 918 3000 plaporum
940 2915 1131 2981 continuato.

244 3039 322 3103 quos
344 3039 384 3088 ex
408 3021 488 3085 libro
511 3020 612 3103 primo
633 3018 765 3085 iteratos
788 3038 861 3084 esse
883 3025 971 3103 puto,
998 3019 1083 3085 unde
1099 3019 1207 3086 nescio
1223 3040 1285 3105 quo
1301 3039 1375 3085 casu

243 3122 370 3207 depulsi
383 3130 468 3188 sunt.
494 3123 587 3200 Quod
598 3122 683 3188 infra
699 3125 763 3206 (pg.
775 3126 882 3206 itaq.)
900 3124 1052 3206 probabo.
1076 3125 1171 3190 Nunc
1183 3124 1243 3190 boc
1255 3130 1375 3190 tantum

245 3247 372 3292 moneo:
399 3226 426 3292 si
449 3226 662 3311 interpolandi
686 3225 792 3292 studio
814 3227 870 3290 ille
886 3225 1046 3292 adductus
1062 3234 1160 3304 esset,
1185 3234 1221 3292 ut
1235 3247 1290 3293 eos
1306 3247 1377 3294 ver-

243 3350 298 3394 sus
315 3330 375 3394 buc
390 3330 624 3411 transcriberet,
653 3329 740 3395 sacili
765 3329 893 3412 negotio
915 3349 987 3394 eam
1006 3330 1213 3396 mutationem
1235 3330 1373 3410 fecisset,
1499 3405 1500 3408 Ἴ

243 3453 338 3514 quam
369 3433 532 3497 Munroius
566 3454 637 3498 cum
668 3453 722 3498 eos
753 3432 785 3497 in
816 3432 875 3497 boc
904 3440 1055 3499 contextu
1089 3433 1226 3500 retinere
1259 3433 1376 3499 trustra
1499 3519 1500 3522 Ἴ

242 3543 411 3601 conaretur
434 3536 615 3620 proposuit,
647 3542 681 3600 nt
712 3537 894 3600 osteudens
909 3557 979 3619 'pro
1009 3537 1181 3600 ostendam
1209 3536 1372 3602 scriberet.

243 3640 362 3704 Contra
383 3639 439 3706 ille
462 3639 602 3721 quidem,
628 3659 700 3704 cum
723 3639 802 3704 nibil
825 3638 858 3702 in
880 3639 987 3704 animo
1010 3640 1152 3720 baberet,
1178 3639 1239 3704 nisi
1256 3645 1290 3705 ut
1306 3659 1375 3705 eum

243 3744 349 3808 locum
373 3742 579 3825 significaret,
605 3742 648 3807 ad
671 3761 765 3825 quem
790 3743 890 3808 verba
917 3743 952 3804 id
973 3744 1058 3826 quod
1077 3764 1138 3805 noo
1160 3765 1226 3805 ecoe
1242 3743 1379 3825 probavi

248 3849 328 3930 (528)
357 3852 549 3930 spectarent,
575 3867 617 3911 nc
639 3845 746 3910 littera
769 3845 897 3927 quidem
920 3853 1044 3910 mutata
1066 3865 1177 3911 versus
1199 3846 1320 3911 citavit.

329 3950 377 4013 Ex
400 3948 451 4013 bis
474 3949 630 4032 exemplis
652 3948 687 4012 id
709 3954 796 4013 certe
818 3947 967 4012 effectum
984 3947 1205 4030 videturesse,
1233 3948 1374 4013 ubicum-

242 4072 303 4134 que
319 4052 504 4118 iterationes
520 4056 656 4132 exstent,
676 4051 709 4115 in
722 4052 836 4134 quibus
849 4051 1042 4116 Lucretiana
1053 4051 1152 4116 verba
1162 4049 1373 4136 interpolandi

243 4193 446 4202 --——---

311 4261 327 4324 ¹)
349 4259 431 4314 codd.
447 4259 589 4330 ptapacs
606 4273 656 4326 pro
670 4257 800 4328 ptcpas.
