2994 4890
267 373 327 434 ruo
699 406 743 417 -
791 369 874 452 [nul]
921 404 965 414 -

264 561 464 643 γιγνομένου
488 545 694 642 decessibus
717 550 907 640 ἀρχομένου
930 553 1092 640 suppinata
1115 551 1154 641 δὴ
1179 553 1212 620 oi
1228 551 1414 617 Λακεδαι-

264 657 378 742 μόνιοι
403 661 460 724 καὶ
483 658 514 724 οἱ
538 657 709 741 ξύμμαχοι
732 657 766 734 ἐς
788 656 849 746 τὴν
863 653 1015 745 Ἀττικὴν
1038 657 1212 740 ἐσέβαλον.

350 884 401 948 Ex
421 882 482 964 bis,
509 903 590 966 quas
613 884 775 969 proposui,
800 884 989 950 lectionibus
1012 883 1094 949 haec
1117 881 1310 947 efficiuntur:

349 1005 376 1068 Ι.
412 1004 588 1088 Dionysius
622 1005 766 1071 eiusdem
795 1004 991 1070 recensiouIs
1024 1003 1199 1087 exemplari
1229 1021 1306 1067 usus
1344 1010 1413 1076 est,

264 1115 360 1190 utque
388 1126 428 1173 ea
458 1107 535 1188 suit,
569 1129 609 1173 ex
638 1129 701 1191 qua
731 1127 841 1174 omnes
871 1108 1022 1192 deinceps
1051 1105 1248 1190 Thucydidis
1275 1104 1418 1170 codices

264 1209 437 1276 fluxerunt.
484 1210 568 1276 Nam
592 1219 625 1276 et
647 1232 719 1277 oum
742 1210 1026 1296 praestantissimis
1043 1209 1204 1276 codicibus
1219 1208 1275 1274 BC
1291 1228 1419 1274 exem-

265 1312 336 1398 plar
359 1314 518 1379 consentit
540 1321 573 1379 st
595 1333 678 1397 quae
701 1315 838 1398 singulis
861 1321 983 1379 tantum
1006 1313 1123 1379 uostris
1145 1312 1309 1378 codicibus
1331 1332 1419 1377 vere

265 1416 442 1496 traduntur,
470 1423 555 1482 rcctc
579 1417 731 1483 servavit.

351 1520 394 1585 II.
420 1521 502 1585 Huic
524 1521 705 1586 recensioni
726 1520 866 1586 maxime
889 1520 996 1586 affinis
1020 1526 1070 1586 est
1092 1518 1193 1585 codex
1212 1518 1421 1583 Laurentia-

261 1643 341 1714 nus;
367 1643 426 1708 per
447 1623 562 1689 librum
587 1623 671 1689 euim
694 1623 832 1708 primum
856 1630 888 1689 et
911 1621 1086 1688 secundum
1102 1621 1167 1686 XX
1190 1621 1269 1686 locis
1292 1641 1420 1686 exem-

265 1727 337 1810 plar
359 1747 431 1792 cum
453 1747 492 1792 eo
514 1727 687 1808 consentit,
720 1727 804 1792 inter
825 1746 904 1810 quos
927 1745 1036 1792 veram
1059 1726 1227 1792 lectionem
1249 1723 1422 1790 exhibent

266 1829 363 1909 XIlI;
401 1849 473 1895 cum
505 1829 661 1896 Vaticano
690 1850 749 1914 per
779 1829 907 1895 cosdem
937 1829 1036 1895 libros
1065 1829 1141 1893 VIII
1172 1835 1295 1893 tantum
1328 1828 1421 1893 locis

265 1932 422 2017 congruit,
448 1953 583 2016 qnorum
606 1933 650 1997 IV
673 1939 758 1998 recte
782 1933 942 2015 leguntur.

351 2037 412 2101 111.
438 2036 519 2101 Inde
542 2036 645 2102 codex
668 2036 904 2102 Laurentianus
926 2034 1134 2119 insigniorem
1157 2035 1255 2100 etiam
1279 2053 1322 2098 ea
1349 2055 1421 2117 qus

265 2139 380 2205 fruitur
400 2139 623 2206 auctoritatem
646 2139 850 2218 nanciscitur,
870 2139 1003 2220 sineque
1019 2157 1113 2205 versa
1129 2137 1275 2222 Dionysii
1292 2157 1421 2202 exem-

266 2245 338 2328 plar
359 2244 469 2328 paullo
491 2243 643 2308 maiorem
666 2242 763 2307 fidem
785 2263 880 2325 quam
905 2242 934 2308 ei
961 2241 1066 2308 adbuc
1088 2241 1148 2306 riri
1175 2240 1260 2306 docti
1283 2239 1422 2306 tribue-

266 2351 341 2410 runt
363 2345 424 2410 sibi
446 2345 599 2411 vindicat.

352 2447 408 2510 IV.
434 2448 609 2533 Exemplar
632 2447 692 2513 luit
714 2448 827 2526 exiis,
853 2448 968 2530 quibus
984 2447 1183 2530 grammatici
1199 2447 1422 2535 rhetorasque

266 2551 448 2616 utebantur.
494 2549 584 2616 Idem
606 2550 685 2616 vitia
707 2559 772 2616 tam
796 2571 868 2616 cum
890 2551 1037 2616 omnibus
1060 2549 1259 2635 Thucydidis
1287 2554 1423 2622 codici-

267 2654 327 2720 bus
350 2673 445 2738 quam
469 2673 540 2718 cnm
564 2653 701 2738 siugulis
723 2653 904 2720 communia
926 2653 1032 2720 habet.

685 2911 774 2978 Pars
796 2911 984 2996 posterior.

354 3032 495 3098 Alterius
518 3033 619 3116 partis
643 3053 768 3098 summu
789 3033 870 3098 haec
893 3042 956 3114 cst,
985 3041 1020 3098 ut
1042 3033 1218 3114 videamus,
1245 3057 1420 3118 quaenam

268 3135 417 3220 Dionysii
441 3137 607 3221 exemplar
630 3143 739 3202 contra
754 3135 953 3220 Thucydidis
972 3137 1097 3202 codices
1116 3139 1246 3223 propria
1269 3138 1417 3209 habeat:

268 3239 420 3323 adquam
437 3240 657 3324 quaestionem
673 3241 859 3326 priusquam
875 3239 1028 3306 accedere
1044 3241 1217 3326 possimus,
1242 3247 1421 3329 exemplar

268 3341 502 3425 quodammodo
525 3342 759 3408 restituendum
782 3351 843 3408 est.
889 3343 972 3408 Nam
995 3362 1077 3426 quae
1099 3342 1133 3408 in
1148 3343 1295 3428 Dionysii
1316 3347 1420 3412 codi-

268 3446 358 3511 cibus
381 3445 541 3528 leguntur,
568 3455 624 3511 aut
643 3445 793 3531 Dionysii
815 3445 991 3530 exemplari
1015 3453 1070 3512 aut
1092 3446 1156 3530 ipsi
1172 3447 1330 3532 Dionysio
1356 3461 1419 3516 aut

270 3548 382 3614 scribis
411 3547 583 3626 debentur;
617 3547 660 3614 ad
683 3549 873 3632 Dionysium
904 3549 1114 3631 librariosque
1145 3570 1228 3633 quae
1256 3549 1413 3628 redeunt,

269 3651 297 3716 si
319 3657 472 3733 quantum
495 3671 566 3716 cum
589 3651 816 3735 probabilitate
832 3651 901 3716 fieri
916 3651 1054 3735 potuerit
1074 3651 1308 3733 sustulerimus,
1330 3656 1417 3720 reli-

269 3774 333 3838 qua
355 3754 520 3838 exemplar
543 3754 610 3820 fere
633 3754 810 3840 exprimere
834 3754 1029 3838 putabimus.

822 3944 849 4008 I.

355 4064 512 4150 Dionysio
536 4083 617 4147 quae
640 4063 737 4129 tribui
759 4064 892 4147 possint,
920 4073 955 4130 ut
977 4083 1218 4148 cognoscamus,
1245 4065 1329 4132 duae
1348 4087 1415 4152 pa-

272 4174 340 4234 tent
361 4168 451 4242 viae;
478 4167 580 4233 altera
604 4186 672 4232 mos
696 4172 746 4234 est
767 4168 837 4232 eius
860 4165 993 4248 citandi,
1019 4167 1120 4233 altera
1142 4187 1251 4234 eorum
1274 4188 1414 4253 operum

271 4269 425 4352 condicio,
451 4269 621 4352 inquibus
644 4268 844 4354 Thucydidis
867 4269 929 4336 loci
951 4271 1112 4354 leguntur.
