3034 4896
743 339 935 398 ..6-

275 521 392 586 lectum
420 541 494 589 esse
524 523 686 588 existimet
723 531 858 605 ,quaest
890 523 1035 588 Lanban.
1068 523 1117 601 II,
1147 542 1201 605 pg.
1227 524 1246 584 9
1273 540 1322 602 sq.
1353 518 1412 583 cf.

273 642 381 706 annal.
407 641 518 726 philol.
538 645 591 720 67,
616 664 670 727 pg.
689 647 751 707 661
769 663 816 726 sq.
843 643 884 707 N.
904 643 941 707 B.
962 663 1017 726 pg.
1038 646 1056 705 1
1074 645 1173 725 sqq).
1214 641 1272 705 Cui
1294 638 1417 704 Pollius

273 761 428 827 adsentiri
451 761 579 828 videtur
607 763 672 848 (cfr.
698 783 781 847 qnae
802 762 845 828 ad
867 765 905 844 V,
928 765 1075 828 lae-32
1098 760 1231 828 adnotat
1253 759 1412 842 Philolog.

278 883 397 963 XXVI,
417 905 469 968 pg.
490 885 579 966 315).
619 883 704 961 Quid
719 904 780 967 ego
797 883 943 950 decare
959 883 1106 964 1511115111,
1125 881 1211 947 infra
1225 901 1414 966 proponam.

362 1003 481 1068 Contra
503 1002 673 1070 Eduardus
696 1003 818 1070 Goebel
843 1004 877 1068 in
900 1003 1190 1070 obseruationibus
1214 1002 1417 1068 Lucretinnis

276 1123 406 1190 Bonnae
432 1127 512 1188 1854
536 1125 709 1207 contendit,
735 1147 818 1209 qnae
841 1145 926 1192 nnnc
949 1125 983 1190 in
1005 1124 1200 1191 carminibus
1222 1124 1340 1190 iterata
1355 1144 1418 1190 ex-

276 1251 371 1326 stent,
398 1264 460 1310 non
484 1245 648 1311 minimam
672 1253 795 1331 partem
818 1246 937 1312 abillo
960 1247 1080 1313 lectore
1103 1245 1293 1330 philosopho
1308 1245 1418 1312 Lach-

277 1365 449 1432 manniano
482 1365 593 1432 addita
621 1387 703 1434 esse.
757 1368 870 1451 Neque
903 1373 1011 1433 tamen
1048 1367 1122 1451 plus
1155 1373 1302 1450 quattuor
1335 1365 1419 1432 locis

278 1487 438 1554 tractavit.

362 1609 442 1674 Item
466 1599 647 1675 Fridericus
670 1610 840 1675 Neomann
863 1609 896 1674 in
919 1608 1157 1690 dissertatione,
1183 1629 1277 1692 qnam
1300 1606 1341 1672 de
1362 1607 1420 1671 in-

276 1729 542 1812 terpolationibus
572 1730 772 1796 Lucretianis
803 1729 895 1796 Halia
926 1733 1007 1794 1875
1038 1728 1158 1810 edidit,
1190 1735 1313 1814 partem
1341 1747 1422 1792 151-

277 1870 368 1914 suum
392 1850 597 1935 repetilornm
621 1851 763 1930 seclusit,
788 1850 847 1918 sed
870 1871 973 1934 neque
996 1851 1036 1916 de
1059 1851 1205 1916 omnibns
1228 1849 1296 1934 egit
1310 1869 1421 1931 neque

278 1977 382 2035 certas
405 1971 545 2037 rationes
568 1975 698 2037 secutus
721 1979 780 2036 est.

363 2091 527 2157 Postremo
543 2091 698 2157 Aemilius
713 2091 837 2157 Hallier
861 2089 1010 2174 (Lucretii
1033 2089 1176 2156 carmina
1192 2109 1210 2155 e
1225 2088 1422 2171 fragmentis

279 2210 481 2295 Empedoclis
503 2211 704 2278 adumbrata.
751 2213 851 2278 lenae
876 2214 968 2294 1857)
995 2211 1029 2276 111
1052 2211 1272 2277 iterationibus
1295 2210 1422 2275 Lucre-
1515 2169 1516 2200 r

279 2329 357 2394 tium
374 2331 577 2415 Empedoclis
600 2331 633 2396 in
656 2331 769 2416 primis
792 2330 1052 2398 consuetudinem
1076 2329 1232 2395 imitatum
1248 2347 1321 2396 esse
1337 2348 1422 2394 cen-

279 2450 353 2514 suit.
401 2450 494 2528 Quod
516 2472 618 2536 neque
641 2451 755 2518 5515111
778 2473 881 2536 neque
904 2451 982 2517 mihi
1011 2450 1079 2536 (cfr.
1106 2471 1161 2536 pg.
1188 2454 1207 2514 9
1230 2453 1312 2536 sqq.)
1339 2469 1422 2534 per-

279 2569 391 2636 suasit.

365 2691 416 2758 Ex
438 2692 488 2758 1111
518 2713 600 2775 quae
630 2693 758 2759 narravi
787 2700 921 2778 apparet
950 2714 1014 2759 non
1041 2707 1113 2758 esse
1140 2711 1421 2777 supervacaneum

279 2811 363 2877 banc
384 2810 426 2878 de
447 2812 572 2878 iteratis
595 2813 742 2880 versibus
765 2813 964 2878 Lucretianis
992 2812 1209 2896 quaestionem
1239 2817 1339 2876 totam
1362 2830 1422 2876 rc-

279 2937 399 3014 pctcre.
447 2932 498 2996 Ad
527 2954 622 3016 quam
651 2954 723 2998 enm
752 2932 820 2997 iam'
845 2932 1017 3009 accedam,
1052 2930 1087 2996 id
1116 2931 1218 2996 solum
1248 2935 1348 2994 restat
1382 2937 1423 2994 111

280 3051 441 3118 Guilelmo
457 3053 656 3119 Studemund
675 3052 795 3136 gratias
818 3073 925 3136 agam,
951 3051 1005 3134 qui
1029 3057 1065 3116 11
1087 3049 1214 3116 omnino
1237 3048 1277 3113 de
1301 3048 1420 3113 studiis

281 3173 360 3238 meis
375 3173 421 3238 ita
436 3173 476 3238 de
492 3172 551 3239 1155
568 3174 676 3238 libello
692 3173 830 3240 maxime
852 3173 983 3238 meritus
1007 3178 1064 3237 511.
1105 3171 1168 3249 Qui
1186 3190 1382 3253 quamquam
1399 3191 1421 3234 5

283 3298 347 3359 1515
364 3293 458 3359 huius
474 3293 574 3359 libelli
590 3294 724 3359 consilio
740 3294 960 3376 dissentiebat,
984 3300 1090 3358 1515511
1111 3291 1307 3375 quaestionis
1329 3297 1422 3356 55115

281 3413 407 3480 ratione
429 3435 467 3480 55
489 3414 543 3479 via
564 3413 781 3480 instituendae
804 3421 913 3479 auctor
934 3435 973 3479 55
995 3411 1062 3477 dux
1084 3411 1152 3477 fnit.
