2982 4884
520 387 563 396 -
610 352 693 434 [ειη
741 389 784 398 -
1157 355 1219 417 233

88 539 238 614 θέσεις
262 537 332 601 καὶ
354 533 426 614 τὰς
449 536 714 625 παρισώσεις
736 540 855 626 λέγω·
880 541 937 605 καλ
959 537 1016 606 διὰ
1031 546 1097 606 τῶν
1112 537 1223 626 λήρων

88 636 215 704 τούτων
242 652 360 723 κοσμεῖ
387 639 447 727 τήν
476 639 614 727 φράσιν.
662 642 713 708 Ad
734 663 775 709 eu
796 642 965 728 probando
986 643 1049 709 duo
1072 644 1222 728 exempla

85 743 256 825 adduntur,
283 765 415 828 quornm
437 745 597 830 posterius
621 746 696 812 hoo:
723 767 756 832 p.
778 749 904 812 10351ss
928 743 965 812 dr
986 753 1025 831 τῇ
1040 744 1125 829 μετὰ
1140 744 1222 812 ταύ-

87 871 146 932 την
168 844 317 933 περιόδῳ
347 844 396 912 τὰ
424 843 530 914 αὐτὰ
559 855 670 914 ποιῶν
692 847 892 938 φανήσεται.
924 850 1009 937 ῳησλ
1038 847 1101 936 γὰρ
1133 853 1223 930 ,Δεῖ

83 947 124 1036 δή
154 948 310 1016 τοιούτου
337 947 430 1029 τινὸς
457 950 577 1037 λόγου,
616 947 709 1029 ὅστις
742 950 820 1030 τοὺς
851 953 915 1036 μὲν
947 949 1222 1041 τετελευτηκότας

84 1053 206 1131 ἱκανῶς
229 1052 413 1136 ἐπαινέσει,
440 1067 511 1134 τοῖς
533 1056 570 1122 dd
594 1055 695 1136 ζῶσιν
717 1051 862 1139 εὐμενῶς
884 1062 1118 1143 παραινέσει.“
1144 1051 1222 1124 odn-

83 1163 146 1224 οῶν
169 1155 339 1244 ἐπίρρημα
363 1156 568 1246 ἐπιρρήματι
590 1156 796 1246 παράκειται
816 1160 874 1224 καλ
896 1158 1021 1248 ῥήματι
1042 1159 1148 1248 ῥῆμα·
1182 1157 1221 1226 τὸ
1251 1209 1255 1216 .

81 1261 157 1346 μὲν1
171 1255 341 1341 ,,Ἶκανῶς“
366 1269 412 1348 τῷ
436 1256 653 1346 ,Εὐμενῶς“,
680 1270 727 1348 τῷ
742 1257 775 1328 d'
791 1257 1022 1342 ,,Ἒπαινέσει“
1046 1259 1084 1328 τό
1103 1267 1221 1350 ,Παρ-

82 1370 234 1430 αινέσει“
265 1366 322 1430 καλ
351 1372 457 1431 ταῦτα
488 1363 637 1452 πάρισα;
686 1370 930 1452 Παρακεῖσθαι
956 1366 1134 1450 siquidem
1162 1387 1221 1452 ge-

80 1469 215 1534 nninum
239 1477 297 1552 eet,
322 1469 403 1534 nihil
425 1469 515 1534 aliud
538 1470 722 1552 significare
744 1477 851 1555 potest
865 1491 962 1554 quam
976 1471 1067 1536 iuxta
1081 1471 1220 1555 positum

80 1592 174 1638 esse:
209 1571 248 1638 de
271 1571 487 1660 parellelismo
515 1573 654 1656 quodam
683 1573 824 1639 colorum
853 1575 906 1641 vel
935 1575 1105 1641 verborum
1133 1574 1220 1658 apud

79 1674 276 1760 Dionyeium
308 1696 467 1758 nusquam
498 1683 682 1762 usurpatur.
736 1676 786 1742 Cf.
820 1697 849 1742 e.
875 1698 908 1761 g.
940 1698 971 1762 p.
999 1682 1089 1742 ttius
1116 1671 1216 1743 Δεῦτ’

78 1775 119 1842 ἐν
141 1775 247 1863 χορόν
264 1771 446 1860 Ὀλύμπιοι
468 1777 527 1845 ἐπί
549 1804 585 1844 τε
607 1777 731 1845 κλυτὰν
753 1782 906 1862 πέμπετε
929 1775 1043 1866 χάριν;
1076 1801 1109 1864 p.
1131 1784 1218 1845 15611

37 1885 45 1896 '
79 1877 116 1944 τό
137 1880 174 1945 δὲ
190 1877 298 1966 τούτῳ
321 1884 374 1964 (sc.
390 1888 437 1966 τῷ
452 1878 575 1968 πρώτῳ
591 1879 694 1968 κώλῳ)
716 1881 1219 1968 παρακείμενονκῶλοντὸ

79 1977 184 2060 ,Ἐπί
212 2006 247 2048 τε
276 1981 400 2050 κλυτὰν
432 1988 585 2067 πέμπετε
613 1982 736 2070 χόριν“
865 2005 950 2052 vere.
977 2010 1002 2051 ιι
1033 1981 1129 2071 ἄρχει
1157 1985 1221 2068 μὲν

76 2085 145 2172 γὰρ
170 2081 276 2152 αὐτοῦ
302 2100 470 2170 στοιχεῖον
499 2089 536 2154 ἓν
564 2094 630 2154 τῶν
660 2092 865 2175 φωνηέντων
894 2086 932 2154 τὸ
956 2097 971 2154 ὲ
995 2089 1052 2154 καλ
1080 2085 1220 2174 παρά·
1326 2099 1334 2112 “

75 2212 224 2254 κειται
254 2187 356 2275 ἑτέρῳ
380 2187 549 2276 φωνήεντι
571 2197 618 2276 τῷ
640 2203 664 2254 ῑ·
690 2190 739 2267 εἰς
761 2197 860 2256 τοῦτο
883 2188 947 2278 μὰρ
971 2190 1065 2280 ἔληξε
1088 2188 1125 2256 τὸ
1151 2187 1219 2277 πρὸ

74 2287 187 2358 αὐτοῦ
208 2293 242 2375 (ἰ.
260 2313 289 2360 e.
305 2287 512 2378 Ὀλύμπιοι).
551 2316 584 2379 p.
607 2298 680 2359 1531
703 2291 814 2380 χάριν,
840 2298 934 2360 dent:
962 2315 996 2380 p.
1017 2299 1091 2360 159⁷
1115 2301 1161 2380 τῷ
1183 2318 1218 2360 τε

72 2393 181 2482 χάριν
196 2393 232 2462 τό
250 2400 331 2461 θεοί
352 2402 688 2484 παρακείμενον.
728 2417 813 2465 vere.
825 2421 850 2463 ιε
873 2391 1034 2485 ὀμφαλὸν
1048 2395 1215 2464 dodonec:

73 2520 163 2568 vers.
185 2523 210 2564 ιι
235 2497 387 2566 ἐνταῦθα
403 2507 449 2586 τῳ
464 2495 494 2564 τ’
513 2495 673 2588 ὀμφαλὸν
688 2499 736 2578 εἰς
752 2498 830 2567 τὸν
852 2498 988 2589 λήγοντι
1010 2498 1048 2567 τὸ
1068 2499 1219 2569 θυόεντα

73 2607 406 2689 παρακείμενον
441 2598 511 2669 ἀπὸ
548 2612 609 2670 τοῦ
642 2593 670 2670 5
704 2599 904 2691 ἀρχόμενον.
965 2603 1015 2672 df.
1051 2614 1220 2690 praeterea

71 2730 105 2793 p.
129 2711 220 2789 1612,
239 2732 274 2788 ιε,
303 2711 404 2791 166ιι,
430 2711 516 2792 168³,
537 2712 638 2790 luco,
665 2711 753 2774 213⁵.
801 2708 897 2792 Atqui
920 2708 1075 2774 adverbia
1098 2707 1219 2785 ἱκανῶς

73 2819 107 2878 et
132 2804 282 2892 εὐμενῶς
303 2811 444 2894 itemque
467 2811 566 2878 verba
582 2809 756 2877 ἐπαινέσει
771 2819 803 2877 et
819 2816 1020 2897 παραινέσει
1042 2832 1105 2878 non
1127 2812 1219 2878 iuxta

71 2915 186 3000 posite
202 2921 285 2996 sunt,
312 2914 370 2981 sed
385 2921 536 2999 separata
551 2921 647 2998 etque
662 2914 896 2998 quodnmmodo
912 2915 1071 3001 opposite.
1112 2915 1219 2980 Nimi-

72 3040 146 3084 rum
171 3017 348 3103 Dionysiue
379 3019 477 3084 etiarn
506 3016 566 3095 τὰς
595 3012 844 3096 ἀντιθέσεις
873 3019 908 3084 in
936 3019 1077 3085 Platonis
1110 3019 1218 3086 verbis

71 3122 231 3206 detegere
260 3141 295 3188 se
318 3121 403 3189 velle
431 3123 528 3208 piane
558 3121 654 3204 dixit,
687 3129 783 3206 εεηαε
804 3122 839 3186 in
860 3121 967 3206 priore
989 3124 1136 3207 exemplo
1160 3143 1217 3188 ex-

70 3225 252 3291 aminando
267 3225 348 3292 haec
361 3226 418 3292 ilie
434 3246 467 3310 p.
487 3228 614 3291 103314:
641 3223 793 3291 ἐνταῦθα
809 3236 880 3301 τοῖς
901 3225 965 3308 μὲν
987 3224 1098 3312 ἔργοις
1121 3219 1138 3291 ὁ
1160 3223 1218 3292 λό-

72 3353 135 3414 γος
161 3322 424 3410 ἀντίκειται,
452 3336 498 3414 τῷ
513 3328 550 3394 δὲ
569 3333 770 3416 ταραχθῆναι
785 3325 821 3394 τὸ
840 3327 1000 3415 ῥηθῆναι.
1046 3330 1085 3395 In
1107 3335 1217 3414 poste·
1260 3395 1263 3402 ,

70 3434 158 3498 riore
192 3431 278 3497 idem
311 3432 446 3499 recurrit
483 3430 548 3514 (τὰ
580 3427 686 3498 αὐτὰ
719 3437 829 3498 ποιῶν
862 3429 1083 3519 φανήσεται).
1136 3434 1217 3500 Inde

69 3536 222 3620 seqnitur
236 3556 294 3620 pro
311 3533 516 3621 παράκειται
531 3535 734 3602 scribendum
750 3555 823 3601 esse
840 3529 1096 3617 ἀντίκειται;
1123 3559 1217 3623 prae-

68 3639 197 3706 cedens
220 3644 429 3724 παραινέσει,
462 3639 495 3704 ni
518 3639 622 3720 fallor,
657 3659 755 3705 eausa
776 3638 837 3704 fuit
859 3641 1072 3725 corruptelae.
1119 3641 1217 3707 Porro

67 3747 102 3810 in
137 3741 334 3809 editionibus
364 3762 382 3808 e
411 3741 535 3808 Reiekii
566 3742 749 3808 coniectura
777 3744 862 3809 male
885 3743 1002 3826 legitur
1030 3745 1088 3808 καὶ
1111 3751 1216 3810 ταῦτα

70 3846 121 3910 τὰ
147 3843 293 3930 πάρισα.
341 3845 509 3911 Sententia
531 3845 611 3911 haec
626 3850 689 3911 est:
730 3845 927 3912 Aduerbium
945 3847 1099 3913 adverbio
1115 3868 1216 3932 oppo-

69 3951 172 4015 situm
198 3957 247 4015 eet
269 3956 301 4014 et
323 3950 422 4014 verbo
445 3950 588 4028 verbum,
615 3949 711 4032 idque
733 3949 790 4028 ita,
823 3957 858 4015 ut
888 3950 985 4015 etiam
1008 3951 1116 4034 parion
1138 3951 1212 4016 sint.

68 4053 230 4120 Codicum
254 4051 349 4118 lectio
365 4072 446 4118 eane
463 4059 523 4117 eet.
570 4051 718 4118 Ceterum
735 4071 817 4134 quae
839 4052 890 4117 his
913 4053 1109 4136 respondent
1126 4054 1216 4139 prio-

68 4159 114 4223 ris
131 4155 276 4241 exempli
291 4157 392 4222 verbe
414 4157 585 4241 p10331os
608 4155 654 4219 ita
670 4154 782 4238 legas:
809 4160 1073 4238 παρισοῦται
1100 4157 1214 4241 [παρι-

68 4266 216 4325 σοῦνται
231 4258 268 4342 R]
296 4257 332 4322 dd
356 4255 398 4322 τὰ
420 4262 496 4341 τρία
519 4255 622 4342 μόρια
645 4254 826 4341 τοῦλόγου
849 4269 919 4333 τοῖς
942 4262 1042 4343 τρισί.
