3010 4896
301 296 342 358 10
727 335 770 342 -
817 295 913 377 [roo]
961 333 1002 340 -

298 499 385 572 υμῖν,
411 479 464 553 ὅτι
482 488 545 553 εἰσί
563 512 652 565 τινες
671 489 704 554 οἳ
721 485 911 553 κωλύσουσι
930 477 991 550 τὸν
1011 486 1116 572 δῆμον
1135 490 1367 571 καταλυθῆναι
1386 489 1437 551 καὶ
1498 535 1499 570 y

299 590 559 658 ἐναντιώσονται
583 587 667 678 ὑπὲρ
691 603 749 680 τῆς
773 594 975 677 ἐλευθερίας,
999 589 1141 669 εἵλοντο,
1167 594 1261 676 πρὶν
1284 584 1355 678 τὴν
1379 591 1437 656 ἐκ·

298 702 469 786 κλησὶαν
492 693 562 786 τὴν
581 703 672 785 περὶ
695 709 762 787 τῆς
781 695 937 784 εἰρήνης
959 696 1163 782 γενέσθαι,
1187 692 1330 774 τούτους
1347 707 1437 782 πρῶ·
1498 695 1499 786 J

298 829 359 870 τον
387 805 433 882 εἰς
457 799 612 886 διαβολὰς
635 809 690 872 καὶ
714 802 892 881 κινδύνους
920 811 1133 888 καταστῆσαι,
1161 801 1216 867 ἵνα
1238 805 1351 889 μηδεὶς
1375 803 1439 868 ἐκεῖ

299 905 384 997 ὑπὲρ
408 919 469 976 τοῦ
492 904 654 998 ὑμετέρου
676 909 831 998 πλήθους
859 903 1034 993 ἀντιλέγοι.
1080 909 1162 973 Nam
1185 910 1212 973 si
1240 911 1273 973 in
1295 911 1438 974 contione

299 1018 345 1082 illi
372 1019 435 1083 iam
458 1020 662 1096 restitissent,
690 1019 847 1102 quomodo
870 1016 980 1100 Lysias
1003 1016 1107 1080 dicere
1130 1020 1256 1098 poterat
1279 1014 1313 1079 οἳ
1335 1012 1440 1079 κωλύ-
1498 1039 1499 1050 ’

299 1140 394 1189 σουσι
412 1127 469 1189 καὶ
488 1121 751 1190 ἐναντιώσονται
765 1128 798 1188 et
815 1115 896 1207 πρῖν
910 1113 980 1208 τὴν
995 1119 1173 1207 ἐκκλησίαν
1188 1171 1212 1187 ..
1223 1169 1247 1186 ..
1264 1120 1440 1205 γενέσθαιῖ

298 1231 385 1294 Haec
407 1230 503 1296 verba
524 1253 619 1296 unam
642 1231 743 1297 solum
761 1231 939 1294 contionem
958 1230 998 1293 de
1020 1250 1098 1311 pace
1122 1229 1265 1294 habitam
1288 1250 1356 1294 csse
1379 1231 1441 1294 cla·
1498 1225 1499 1312 J

297 1336 420 1401 rissime
452 1336 574 1402 docent.
629 1337 741 1419 ltaque
772 1357 831 1400 nec
857 1335 1034 1417 Xenophon
1066 1356 1123 1398 nec
1151 1335 1260 1419 Lysias
1292 1337 1372 1400 duas
1404 1338 1441 1400 de
1498 1343 1499 1354 ¹

298 1463 375 1524 pace
403 1443 563 1508 contiones
591 1444 692 1520 novit,
723 1447 760 1506 ut
788 1440 1044 1505 Rauchensteinii
1071 1442 1230 1506 sententia
1257 1442 1383 1525 Lysiam
1411 1447 1441 1505 et
1498 1497 1499 1502 ,

298 1547 551 1632 Xenophontem,
583 1569 716 1633 quorum
748 1547 946 1611 narrationes
978 1568 1035 1628 per
1067 1568 1101 1611 se
1134 1551 1268 1630 utraque
1300 1555 1443 1631 spectata
1498 1529 1499 1608 J

298 1654 418 1719 nnllam
444 1656 598 1736 praebent
626 1655 847 1736 suspicionem,
876 1655 921 1717 ita
949 1653 1148 1728 conscientie,
1175 1663 1211 1715 ut
1238 1673 1309 1716 cum
1330 1661 1442 1719 neutro
1498 1631 1499 1648 χ

297 1782 361 1825 non
385 1761 560 1836 dissentiat,
588 1762 714 1826 omnino
737 1759 945 1842 improbanda
968 1759 1018 1822 sit.

853 2025 898 2106 ll.

388 2183 491 2246 Aliter
508 2205 558 2246 res
582 2181 642 2246 sibi
665 2182 847 2247 informavit
866 2182 1111 2264 Scheibius1),
1136 2202 1229 2263 quem
1248 2183 1348 2247 secuti
1372 2188 1445 2246 sunt

299 2287 499 2370 curtium),
512 2288 720 2364 Rannerus,
733 2288 800 2352 alii:
820 2288 876 2370 qui
895 2309 1003 2352 omnes
1018 2287 1189 2352 secundum
1203 2287 1446 2371 Xenophontem

298 2415 407 2477 pacem
431 2396 559 2476 quidem
582 2393 633 2457 die
655 2398 728 2476 post
750 2395 889 2458 reditum
911 2395 1087 2477 legatorum
1107 2399 1269 2476 acceptam
1288 2415 1356 2458 esse
1379 2399 1445 2458 sta·

299 2506 407 2565 tuunt:
425 2507 462 2564 ut
480 2505 586 2564 antem
601 2500 802 2583 Xenophonti
818 2500 929 2583 Lysias
946 2522 1010 2565 non
1028 2498 1143 2575 obstet,
1161 2505 1285 2582 tempus
1303 2521 1366 2583 quo
1385 2522 1447 2582 pax

299 2611 429 2687 accepta
451 2607 493 2670 sit
515 2606 749 2671 accuratissime
768 2606 978 2670 dirimendum
1002 2628 1068 2670 osse
1092 2614 1221 2670 censent
1243 2604 1284 2670 ab
1304 2628 1341 2671 eo
1365 2613 1446 2670 tem-

299 2733 384 2794 pore,
408 2733 470 2794 quc
492 2713 579 2794 pacis
597 2712 796 2776 condiciones
815 2712 956 2795 expletae
975 2713 1046 2776 sint.
1083 2711 1196 2793 ltaque
1213 2733 1291 2794 pace
1313 2718 1447 2794 accepta

299 2817 496 2900 Lysandrum
514 2817 656 2882 Athenas
673 2822 795 2883 vectum
814 2838 908 2883 naves
927 2839 1095 2901 murosque
1114 2817 1174 2881 sibi
1200 2818 1357 2883 curavisse
1376 2824 1445 2881 tra·

299 2922 405 2987 denda
431 2929 559 3006 putant,
587 2924 721 2988 eundem
746 2930 854 2988 tamen
877 2924 1076 2989 condiciones
1099 2945 1162 2988 non
1185 2922 1294 2988 statim
1318 2943 1448 2987 exsecu-

300 3035 369 3092 tum
401 3051 482 3104 esse,
515 3030 570 3094 sed
603 3031 819 3111 exsequendas
852 3031 929 3114 ipsis
957 3029 1202 3094 Atheniensibus
1235 3051 1292 3111 per
1323 3029 1448 3111 lougius

300 3134 438 3216 spatium
475 3138 625 3218 temporis
662 3137 840 3219 imperasse.
896 3137 963 3214 Quo
996 3136 1079 3200 facto
1112 3139 1214 3217 ipsum
1246 3135 1287 3199 ad
1319 3133 1447 3199 Samum

300 3241 543 3324 oppugnandam
566 3242 741 3324 profectum
765 3263 841 3318 esse,
870 3241 1004 3306 Athenis
1028 3263 1100 3306 vero
1129 3242 1205 3328 viris
1232 3240 1450 3322 popularibus,

301 3367 372 3409 cum
391 3347 597 3428 exsequendis
620 3349 706 3431 pacis
725 3347 961 3412 condicionibus
980 3349 1212 3430 evertendoque
1236 3346 1368 3426 imperio
1391 3369 1449 3428 po-

300 3453 404 3535 pulari
435 3453 631 3528 resisterent,
663 3454 793 3518 insidias
826 3459 962 3518 structas
995 3475 1075 3527 esse3
1111 3453 1226 3535 quibus
1258 3452 1290 3514 in
1324 3451 1450 3516 vincula

301 3558 450 3622 coniectis
482 3559 677 3642 Lysandrum
710 3559 750 3622 ab
783 3559 988 3642 optimatibus
1021 3558 1069 3622 vel
1101 3579 1121 3622 a
1152 3557 1347 3622 Theramene
1381 3559 1450 3621 solo

301 3669 480 3728 revocatum
507 3686 616 3729 rursus
639 3665 781 3729 Athenas
804 3664 926 3729 uenisse
951 3663 1234 3746 Atheniensesque,
1263 3663 1347 3747 qnod
1372 3684 1450 3727 con-

301 3769 439 3834 diciones
471 3791 534 3832 non
571 3772 709 3835 exsecuti
747 3776 864 3846 essent,
900 3775 1098 3834 accusantem
1134 3789 1239 3835 muros
1276 3771 1451 3833 diruendos

302 3896 458 3958 navesque
490 3876 718 3940 comburendas
745 3876 983 3942 concinentibus
1014 3875 1197 3941 tibicinibus
1228 3897 1350 3940 summo
1378 3896 1453 3940 cum

301 3981 418 4064 gaudio
446 3982 601 4046 sociorum
625 4004 763 4057 curasse,
791 3983 927 4064 donique
950 3983 1094 4047 contione
1118 3985 1302 4057 convocata,
1329 3988 1366 4045 ut
1388 3983 1452 4045 tri-

307 4107 312 4116 Ι
393 4141 411 4202 1“)
431 4139 548 4193 Scheibe
573 4139 616 4192 die
635 4139 831 4208 oliparcba'scbe
855 4139 1087 4208 [finitenusque
1106 4137 1209 4206 Athea,
1234 4137 1352 4207 Leipzig
1372 4139 1452 4200 1841,

304 4245 330 4296 p.
350 4227 464 4292 33—5'1,
486 4229 632 4282 163—166.

393 4315 413 4380 ⁹)
435 4315 606 4370 Griechisohe
627 4316 783 4370 Geschicbte
801 4317 848 4369 11⁴.
877 4333 903 4385 p.
924 4315 1073 4369 785-790.
