3034 4896
562 312 775 374 :id-.-

95 504 131 562 nt
160 498 305 565 conicere
333 497 424 578 licet,
458 517 652 582 quamquam
681 497 721 562 de
751 517 791 564 ca
819 517 854 564 re
883 494 964 562 nibil
998 493 1076 560 certi
1105 493 1235 578 assequi

95 619 279 684 possnmm.

183 703 249 771 Sed
271 702 352 775 baec
376 703 441 770 sint
470 703 550 770 satis
580 703 621 770 de
648 703 709 773 hoc
737 704 807 768 loco
836 700 1036 768 difficillimo.
1085 699 1177 780 Quae
1206 698 1236 764 si

94 811 183 872 recte
205 805 368 889 disputata
397 813 487 884 sunt,
521 805 678 880 habemus
709 805 790 874 duos
819 804 980 884 bomines,
1017 802 1071 886 qui
1099 800 1146 868 dc
1171 800 1234 866 in·

95 907 261 977 dustria
289 909 323 974 in
352 907 496 974 carmina
517 908 711 977 Lucretiana
736 908 997 992 interpolationes
1020 905 1230 984 inseruerunt,

95 1031 231 1093 quorum
253 1008 340 1096 prior
361 1011 423 1079 fuit
443 1011 488 1094 is,
521 1012 576 1094 qui
597 1012 794 1097 prooemium
823 1019 935 1094 quarto
963 1010 1044 1077 libro
1072 1005 1231 1092 praefinit.

94 1115 203 1195 Atque
224 1114 347 1181 utinam
369 1115 426 1183 alii
448 1135 575 1197 queque
596 1115 659 1182 loci
681 1123 800 1196 essent,
826 1115 882 1180 ubi
904 1112 1018 1183 eadem
1042 1108 1235 1178 confidentia

96 1237 227 1300 operam
243 1236 351 1283 eorum
367 1217 549 1293 discernere
565 1237 743 1302 possemus,
762 1224 806 1298 ut,
827 1217 943 1300 quibus
958 1215 1052 1282 rebus
1068 1213 1103 1278 in
1115 1213 1233 1277 Lucre-

94 1319 134 1384 tii
148 1320 343 1386 carminibus
355 1319 560 1389 recensendis
571 1320 655 1386 inter
667 1340 702 1386 se
714 1319 888 1402 differrent,
905 1319 1023 1389 elarius
1035 1316 1230 1382 videremus.

97 1421 240 1488 Alterius
268 1420 413 1504 quidem,
438 1422 626 1506 quiremus
650 1427 690 1488 45
705 1426 789 1488 -48
820 1429 853 1488 et
875 1424 1016 1486 51-53
1038 1418 1232 1501 interpolare

96 1526 216 1606 veluit,
242 1546 367 1593 summa
389 1525 588 1610 impudentia
610 1527 661 1592 vel
685 1547 726 1592 ex
748 1527 809 1594 hoo
837 1547 901 1592 uno
929 1527 999 1592 loco
1029 1522 1231 1609 perspicitur,

96 1647 200 1710 neque
224 1629 385 1708 miremur,
412 1629 440 1693 si
461 1627 528 1692 alia
549 1648 674 1712 quoqne
702 1629 792 1694 stulti
818 1628 912 1694 buius
934 1629 995 1693 riri
1018 1627 1155 1710 vestigia
1177 1627 1235 1692 de-

96 1728 346 1813 prehendamus.
392 1731 484 1798 Illius
507 1751 581 1797 vero
603 1731 772 1799 consilium
795 1731 885 1801 utin
907 1731 968 1796 boo
990 1729 1152 1814 prooemio
1175 1725 1235 1792 ad-

97 1830 203 1908 dendo
225 1833 431 1901 manifestum
454 1840 520 1914 est,
551 1833 598 1898 ita
619 1853 747 1918 semper
769 1833 901 1901 dubium
924 1833 1000 1912 erit,
1033 1852 1108 1898 num
1137 1829 1233 1896 etiam

97 1935 233 2003 aliarum
256 1936 458 2005 iterationum
479 1936 513 2002 in
538 1936 676 2004 Lucretii
698 1935 892 2002 carminibus
914 1942 1024 2004 auctor
1046 1933 1152 2000 fuerit.

184 2038 250 2104 Sed
280 2038 376 2104 facile
406 2057 486 2105 sanc
515 2059 586 2104 cnm
613 2039 674 2104 hoc
702 2040 771 2104 loco
800 2038 881 2106 dnos
910 2037 1165 2121 comparabimus
1195 2054 1234 2100 ex

98 2141 269 2223 prooemiis
285 2141 416 2208 secundi
432 2148 464 2208 et
479 2141 565 2208 tertii
579 2141 652 2208 libri
667 2141 869 2226 premendos.
910 2140 1050 2218 Quorum
1071 2139 1235 2220 utriusque

98 2240 130 2304 in
153 2241 217 2310 fine
242 2240 276 2306 hi
299 2261 411 2308 versus
433 2243 595 2326 leguntur:

227 2366 303 2408 num
326 2345 425 2408 celati
439 2346 537 2428 puera'
559 2346 720 2429 trepidant
741 2355 835 2431 atque
858 2346 962 2412 omnia
984 2345 1084 2410 caecis

227 2446 262 2508 ia
286 2447 419 2510 tenebris
441 2456 592 2528 metuunt,
618 2449 663 2512 cic
684 2471 741 2512 aes
762 2449 795 2510 ia
818 2450 886 2512 lace
909 2449 1050 2520 timemus

227 2549 396 2630 interdum,
422 2550 487 2614 ailo
509 2574 588 2634 quoe
609 2559 683 2614 suat
704 2553 868 2619 metuendo
890 2551 989 2636 mcpr'e
1012 2572 1105 2636 quam

227 2673 310 2736 quae
326 2653 424 2734 pueri
443 2653 477 2716 ia
500 2655 632 2718 tenebris
649 2655 800 2736 pavitant
808 2654 1001 2739 strepuntque
1012 2655 1145 2739 futura.

228 2754 311 2818 huno
333 2754 432 2838 icitur
456 2764 605 2822 terrorem
627 2757 727 2822 cosmi
748 2759 949 2841 tenebraeque
971 2765 1123 2820 necessest

229 2857 402 2920 ansredii
422 2858 496 2922 solis
518 2881 614 2942 acque
637 2860 742 2935 lucido
766 2861 828 2926 ala
850 2860 914 2924 diei

229 2959 411 3038 detentioni,
437 2963 648 3026 seducturus
669 2964 785 3046 species
807 2963 959 3048 ratioque.

101 3062 164 3128 Sed
185 3071 322 3146 utroque
344 3064 414 3130 loco
437 3063 641 3148 habentque
663 3065 837 3136 offendant.

182 3167 289 3248 Atque
311 3167 343 3231 in
367 3167 499 3232 secundi
521 3167 595 3234 libri
616 3169 788 3252 prooemio,
816 3189 886 3235 cum
909 3167 949 3236 de
971 3188 1076 3236 rerum
1092 3168 1236 3236 vanitate

100 3265 247 3348 loquatur
270 3267 364 3334 etde
387 3268 472 3334 curis
494 3270 695 3351 sequacibus,
718 3288 800 3354 quae
816 3290 921 3353 neque
936 3270 1059 3336 sonitus
1075 3290 1234 3336 armorum

101 3387 157 3433 nec
179 3369 251 3436 sera
272 3371 339 3434 tela
359 3377 502 3436 metuant
524 3370 738 3456 audacterque
760 3372 844 3438 inter
866 3393 958 3456 reges
985 3380 1152 3438 versentur
1178 3393 1236 3441 nec

101 3469 256 3554 fulgorem
279 3473 320 3537 ab
343 3493 423 3538 auro
445 3481 650 3540 revereantur
671 3495 731 3541 nec
753 3477 874 3554 clarum
905 3476 1005 3542 vestis
1031 3476 1236 3560 splendorem

103 3591 293 3658 purpureae,
319 3575 385 3640 iam

135 3679 174 3740 53
198 3676 277 3760 quid
290 3678 425 3756 dubitas,
444 3677 556 3761 inquit,
582 3680 656 3764 quin
671 3679 771 3744 omnis
785 3681 827 3744 ait
842 3681 918 3746 daec
934 3681 1067 3746 rationis
1079 3689 1234 3765 potestas,

196 3780 296 3843 emam
318 3802 388 3844 cum
410 3780 443 3844 u'a
467 3781 600 3846 tenebris
615 3784 809 3865 praesertim
831 3784 896 3848 cita
919 3784 1063 3850 laboret?

103 3891 163 3945 tum
199 3890 378 3964 sequuntur
414 3882 448 3948 in
484 3883 646 3952 codicibus
679 3885 729 3950 iili
762 3905 886 3952 versus.
940 3887 1013 3952 Tuti
1049 3887 1146 3970 igitur
1179 3905 1236 3952 su·

104 3999 168 4048 mus
194 3984 332 4067 ealigine
355 3985 519 4069 oppressi,
545 4005 642 4068 qnam
672 4006 763 4054 mens
793 3995 915 4066 tantum
946 4009 984 4056 ac
1012 3990 1094 4056 ratio
1123 3989 1236 4056 tollere

104 4095 244 4165 possunt.
285 4086 336 4151 Ad
360 4107 456 4169 quam
479 4088 673 4153 sententiam
695 4089 743 4154 illi
761 4111 873 4157 versus
889 4093 977 4157 nullo
993 4093 1086 4158 modo
1100 4100 1236 4175 possunt

105 4186 244 4273 adiungi.
298 4189 378 4255 Cum
413 4189 498 4256 enim
532 4191 690 4274 particula
722 4214 795 4256 nam
822 4194 1030 4276 inducantur,
1067 4199 1235 4277 exspectes

997 4316 1029 4366 2*
