2994 4890
281 337 341 398 rro
713 369 756 382 -
805 334 888 416 [ror]
935 370 979 380 -

279 521 347 603 ἔχει
369 521 475 608 μηδὲν
497 527 562 586 των
578 520 776 585 σπουδαίων
794 517 953 606 ῥημάτων
976 515 1119 606 δίμοιρον
1136 513 1226 604 ὥρας
1248 511 1332 582 εἶναι
1350 519 1395 579 καὶ

279 623 415 710 χάριτος
444 623 543 700 ίδίας.
597 625 645 688 De
674 624 705 688 vi
736 624 825 689 vonis
856 621 1068 710 ἐπιτήδευσις
1101 623 1250 690 conferas
1278 643 1310 706 p.
1333 624 1396 684 935⁸

279 725 395 814 ψυχρὰ
423 726 485 814 γάρ
517 721 535 814 ἡ
559 731 799 812 παρονομασία
828 728 885 791 καὶ
915 721 956 792 οὗ
985 725 1251 812 προσβάλλουσα
1284 723 1394 803 πάθος,

281 826 350 896 ἀλλ’
369 829 593 917 ἐπιτήδευσιν,
619 830 673 895 ubi
696 830 770 896 vide
793 831 918 896 Reiskii
940 839 1059 896 notam.

365 937 486 999 versi
518 937 654 1018 γένηται
677 934 714 997 R.

364 1059 396 1121 p.
419 1040 559 1102 lOlirrss
583 1030 622 1101 οδ
645 1036 791 1118 τοῦμὲν
818 1033 862 1122 μὴ
895 1041 1071 1123 φθονῆσαι
1100 1047 1170 1111 τοῖς
1200 1034 1308 1111 πέλας
1334 1027 1397 1098 ooli

280 1145 477 1227 μεμνῆσθαι
498 1151 569 1216 τοῖς
591 1141 699 1216 πέλας
722 1138 924 1206 παντάπασι
947 1145 1140 1225 κέχρηνταις
1166 1139 1216 1203 Μ;
1244 1142 1396 1223 κέχρηται·

280 1246 316 1309 R.
366 1245 477 1310 Utrum
499 1263 607 1309 verum
632 1244 682 1323 sit,
709 1243 742 1309 in
764 1244 834 1309 loeo
858 1243 1098 1328 eorreptissimo
1120 1242 1185 1307 diei
1208 1241 1327 1324 nequit.

366 1384 399 1447 p.
420 1366 545 1428 insons
571 1357 697 1440 Οὐθείς
726 1362 817 1429 ἐστιν
839 1360 876 1439 ὃς
900 1357 960 1444 οὐχ
984 1357 1223 1450 ὁμολογήσειεν
1248 1413 1254 1424 .
1277 1410 1309 1424 ..
1335 1381 1400 1423 τοο·
1477 1376 1478 1379 ’

281 1465 368 1550 σάτφ
391 1466 567 1552 διαφέρειν
597 1464 657 1553 τὴν
683 1460 806 1552 άρτίιος
834 1471 1094 1552 παρατεθεῖσαν
1123 1467 1214 1545 λέξιν
1242 1473 1300 1553 τῆς
1328 1487 1400 1549 προ-

281 1575 390 1656 τέρας,
418 1564 487 1654 δ’σῳ
511 1567 702 1635 διαλλάττει
731 1567 977 1656 πολεμιστήρια
1006 1569 1070 1652 μὲν
1095 1563 1188 1633 άπλα
1218 1590 1400 1652 πομπεοτρ-
1477 1632 1478 1635 ,

282 1677 374 1759 ρίων,
402 1665 563 1760 άλρθιναὶ
588 1672 624 1736 δὲ
647 1673 708 1737 lae.
728 1676 747 1738 6
770 1673 830 1737 litt.
858 1667 957 1756 δ’ψεις
986 1669 1143 1736 εἰδώλων.
1191 1673 1265 1737 Mea
1287 1669 1399 1753 quidem
1477 1716 1478 1723 .

282 1777 442 1842 sententia
464 1777 544 1841 nihil
568 1775 779 1841 desideratur.

367 1901 398 1964 p.
421 1881 561 1943 1063rrss
586 1869 683 1955 οὗτος
706 1876 745 1965 δὴ
761 1886 819 1965 τῆς
835 1873 1057 1965 μὲνῑμῑάλλης
1073 1875 1275 1964 δεινότητος,
1300 1875 1320 1963 ἢ
1334 1877 1399 1958 περὶ

283 1981 342 2048 τὸν
371 1979 476 2068 άνδρα
506 1989 627 2048 τοῦτον
658 1981 798 2066 ἐγένετο,
833 1979 919 2046 κατὰ
946 1979 984 2046 τὸ
1008 1977 1160 2046 λεκτικὸν
1183 1981 1232 2045 ἔτι
1256 1978 1400 2058 διακνίζει

282 2087 339 2150 καὶ
367 2097 572 2172 συκοφαντεῖ
598 2136 604 2148 .
627 2135 661 2148 ..
692 2107 724 2170 p.
750 2079 843 2150 10045
868 2087 947 2171 περὶ
976 2085 1012 2149 δὲ
1041 2092 1099 2172 τῆς
1129 2090 1322 2160 συνθέσεως
1348 2089 1403 2146 scir

284 2183 461 2270 ὀνομάτων
485 2182 583 2254 οὐδὲν
606 2184 681 2278 οὔτε
705 2187 822 2270 μεῖζον
846 2183 863 2275 ἢ
886 2190 1102 2273 καταγέλωτα
1119 2193 1227 2275 φέρον
1251 2183 1284 2274 [ἥ
1304 2212 1344 2251 κα
1357 2189 1403 2270 γέ-

281 2294 371 2356 λιστα
396 2297 511 2378 φέρων
525 2292 578 2374 Rl.
625 2291 776 2357 Reiskius
799 2292 934 2357 coniecit
956 2286 1033 2357 οὔτε
1054 2289 1172 2373 μεῖζον
1189 2285 1264 2356 οὔτ’
1279 2289 1402 2355 ἔλαττον

282 2394 330 2470 είς
353 2395 568 2479 καταγέλωτα
592 2400 699 2480 φέρον
722 2399 882 2480 φαίνεται
903 2399 1120 2479 προενέγκας.

369 2538 401 2601 p.
425 2518 550 2580 lilliisss
574 2513 692 2602 φεύγει
715 2515 768 2598 δὲ,
809 2510 870 2603 ὅση
898 2513 1039 2598 δύναμις
1063 2509 1162 2600 “illlis
1196 2521 1264 2581 τῶν
1287 2508 1402 2601 'iiiiii'
1476 2531 1477 2608 ζ

282 2643 351 2685 νιον
380 2643 413 2683 τε
444 2619 499 2682 καί
523 2614 670 2704 ἀφώνων
699 2603 913 2704 γραμμάτωνΙ
934 2617 996 2683 lae.
1017 2619 1143 2683 11-13
1166 2617 1227 2682 litt.
1251 2616 1256 2703 Ι
1276 2615 1332 2692 τὰς
1353 2635 1401 2678 συ-

284 2721 399 2806 ζυγίας
422 2722 464 2786 Μ.

742 3023 876 3104 caput
900 3021 951 3090 11.

386 3167 428 3223 lie
446 3167 580 3223 vetorum
599 3179 674 3234 qnae
692 3165 771 3237 npnrl
790 3165 966 3234 Dionysium
985 3165 1106 3221 exstent
1124 3163 1313 3231 fragmentis.

370 3305 583 3387 Antiquarum
607 3303 783 3371 litterarum
806 3304 969 3387 reliquiae,
996 3321 1075 3387 quas
1098 3304 1185 3369 solus
1209 3303 1275 3369 iere
1292 3299 1399 3381 Diony-

284 3408 350 3472 sius
374 3408 523 3488 servavit,
551 3409 588 3488 si,
622 3408 735 3491 quales
758 3407 791 3472 in
814 3406 997 3473 Florentino
1027 3413 1059 3472 el
1080 3406 1113 3470 in
1136 3405 1343 3470 Ambrosisno
1361 3401 1400 3465 le

282 3517 409 3594 guntur,
436 3517 609 3592 enotarenr,
635 3531 697 3576 non
721 3509 874 3595 putabam
896 3529 948 3575 me
970 3509 1127 3574 iacturum
1150 3508 1236 3591 qnod
1258 3509 1298 3573 ab
1318 3505 1399 3571 lrnius

280 3613 382 3680 libelli
404 3612 536 3679 oonsilio
559 3614 699 3680 alienum
722 3620 818 3678 esset.
866 3612 949 3677 Nem
979 3631 1050 3678 eum
1079 3619 1255 3678 eeterornnr
1282 3609 1400 3693 scripio

284 3738 351 3783 rum
388 3736 487 3801 opera
521 3737 541 3782 n
570 3717 725 3800 Dionysio
763 3714 894 3780 laudate
931 3714 1037 3792 adhue
1073 3716 1200 3797 integra
1236 3720 1397 3780 teneamus.

285 3821 473 3906 fragmentis
496 3821 562 3888 illis
585 3841 647 3885 non
670 3819 775 3884 minus
798 3838 893 3902 quem
916 3817 1018 3902 ipsius
1042 3817 1190 3901 Dionysii
1214 3817 1338 3902 seriptis
1358 3831 1400 3876 re-

285 3924 453 3990 censendis
482 3923 611 3988 nnioum
635 3923 701 3988 sere
730 3928 762 3987 et
782 3919 956 4004 optimum,
990 3926 1026 3984 nt
1047 3940 1098 3985 res
1122 3926 1186 4000 est,
1206 3916 1401 4004 'praesidium

285 4027 489 4093 Florentinus
513 4033 546 4091 et
566 4025 795 4091 Ambrosianus
819 4023 967 4089 afferunt.

357 4249 372 4309 ¹]
395 4244 427 4312 δὴ
446 4250 492 4311 τῆς
510 4247 564 4317 μὲν
582 4245 697 4300 Rene:
721 4246 774 4314 μὲν
794 4243 827 4309 δὴ
846 4247 892 4310 τῆς
911 4243 980 4298 MR.
