2994 4890
274 329 334 390 166
705 364 749 374 -
796 330 879 410 [roo]
927 366 969 376 -

271 510 383 578 τέλειά
410 537 461 590 τις
484 512 521 579 ἐν
542 526 613 590 τοῖς
643 511 808 592 τοιούτοις
838 510 918 601 παρ’
942 510 1043 601 αὐτῷ.
1090 514 1280 600 Sylborgius
1306 536 1393 600 oopu-

273 616 340 682 lam
363 613 454 681 λστίτ
476 616 545 682 61116
568 616 653 682 iusta
667 637 765 682 causa
787 624 860 701 post
881 641 932 694 τις
952 618 1159 702 interpolavit
1180 619 1221 683 cl.
1246 639 1280 702 p.
1301 620 1391 682 76611.

271 719 462 804 Dionysium
495 720 528 784 in
558 719 685 786 citando
718 719 900 788 liberiorem
934 740 1006 787 osso
1039 741 1139 806 supra
1164 723 1252 806 (pag.
1276 722 1327 802 16]
1353 721 1396 785 vi-

270 821 386 888 dimus.

360 946 392 1010 p.
412 928 533 990 977nss
563 925 738 1011 Dionysius
767 926 880 992 tertiae
908 925 1109 1012 Philippicae
1137 925 1263 992 initium
1298 927 1398 1010 impli-

273 1036 345 1093 cata
367 1029 506 1094 colorum
535 1035 696 1094 suuctura
716 1028 846 1112 insigne
866 1030 913 1094 ita
937 1029 1003 1095 lere
1025 1049 1066 1095 ex
1087 1029 1233 1094 sollemni
1255 1029 1398 1112 loquendi

270 1151 357 1197 more
373 1131 507 1215 proferri
524 1151 619 1216 posse
634 1138 742 1216 putat:
776 1131 930 1214 Πολλῶν,
956 1120 1117 1218 ὧάκδρις
1133 1128 1321 1218 Ἀθηναῖοι,
1347 1129 1399 1196 λό-

270 1257 339 1317 γων
367 1238 575 1317 γιγνομένων
603 1228 688 1298 καθ’
715 1232 858 1321 ἑκάστην
892 1233 1013 1316 σχεδὸν
1043 1233 1221 1321 ἐκκλησίαν
1251 1235 1331 1319 περὶ
1358 1226 1400 1300 ὧν

271 1331 379 1402 ἀδικεῖ
403 1337 578 1413 Φίλιππος
600 1330 686 1419 ὑμᾶς
716 1338 773 1402 καλ
800 1334 879 1414 τοὺς
907 1332 1039 1421 [ἄλλους
1062 1337 1136 1402 add.
1163 1339 1268 1422 Sylb.]
1288 1333 1400 1424 Ἕλλη-

269 1463 331 1515 οας
361 1433 419 1526 ἀφ’
445 1430 485 1505 οὗ
508 1437 568 1527 τὴν
590 1437 725 1527 εἰρήνην
749 1437 932 1527 ἐποιήσατο
962 1442 1032 1506 κτλ.
1082 1435 1221 1518 Ἄλλους
1250 1443 1333 1506 male
1361 1463 1398 1507 ex

269 1547 397 1627 119761
421 1543 608 1608 arcessitum
639 1551 689 1610 ost
718 1551 751 1610 et
779 1563 819 1609 ex
846 1538 1154 1630 (1116166Ἕλληοας
1177 1548 1398 1630 1197661161·

269 1664 361 1711 verse
384 1665 424 1710 ex
447 1666 479 1729 p.
498 1648 601 1710 97711.
647 1646 838 1730 Sylburgins
854 1667 1048 1729 quamquam
1070 1647 1277 1731 posteriorem
1301 1650 1395 1712 locum

268 1747 383 1833 prioris
413 1748 506 1830 quasi
536 1749 755 1832 metaphrasin
784 1749 925 1832 aliquam
955 1767 1027 1816 esse
1050 1755 1136 1816 recte
1159 1750 1327 1831 intellexit,
1351 1757 1395 1814 ta-

270 1869 344 1916 men
372 1851 504 1916 verbum
526 1845 689 1938 Ἕλληνας
719 1872 752 1935 p.
779 1855 869 1916 97711
897 1853 996 1918 verbo
1024 1846 1145 1928 ἄλλους
1172 1853 1229 1934 (ita
1258 1851 1394 1936 Dionysii

269 1953 435 2038 exemplar
463 1973 535 2018 com
558 1959 586 2017 Σ
607 1957 667 2038 pr.)
695 1974 728 2038 p.
748 1958 824 2018 9761
847 1955 1040 2039 respondere
1070 1975 1133 2020 uon
1161 1955 1259 2035 vidit;
1293 1963 1392 2022 nonno

267 2056 337 2123 loco
352 2057 524 2140 quicquam
547 2056 745 2123 mutandum.

355 2181 388 2244 p.
411 2163 536 2226 1116666
559 2159 649 2225 611111
678 2183 725 2244 τῳ
752 2160 843 2226 δοκεῖ
872 2168 978 2228 ταῦτα
1008 2162 1066 2225 καλ
1095 2159 1227 2227 πόοοο
1257 2161 1393 2226 πολλοῦ

273 2264 329 2327 καλ
353 2268 632 2348 πραγματείας
655 2260 825 2350 μεγάλης
855 2262 936 2349 ἐ’ργα
959 2257 1056 2347 εἶναι,
1090 2265 1147 2328 κοιλ
1176 2261 1269 2346 μάλα
1291 2259 1392 2349 ὀρθῶς

269 2366 361 2431 δοκεῖ
387 2363 474 2430 κατὰ
496 2362 556 2431 τὸν
577 2371 785 2454 Δημοσθένη
815 2369 854 2448 (8,
875 2369 924 2450 48)
948 2418 954 2431 .
977 2416 982 2430 .
1006 2419 1012 2431 .
1039 2361 1109 2432 ἀλλ’
1128 2363 1188 2432 ἐὰν
1210 2365 1393 2452 ἐπιλογίση-

268 2491 324 2532 ται
352 2465 430 2544 τοὺς
461 2462 736 2545 ἀκολουθοῦντας
766 2463 882 2544 αὐτοῖς
905 2465 1057 2554 καρποὺς
1083 2519 1089 2532 .
1118 2519 1124 2533 .
1154 2520 1160 2533 .
1185 2476 1304 2535 πᾶσαν
1323 2462 1394 2556 ἡγη-

269 2592 364 2636 σεται
392 2568 453 2657 τήν
482 2595 523 2636 τε
551 2571 622 2656 [dol.
650 2573 754 2655 Sylb.]
786 2577 1022 2656 πραγματείαν
1052 2570 1177 2638 ἐλάττω
1207 2579 1267 2659 τῆς
1296 2592 1394 2658 προο-

270 2670 423 2761 ηκούσης.
471 2675 631 2740 Particula
661 2698 696 2739 τε
726 2676 866 2758 genuina
888 2682 954 2748 est:
994 2675 1143 2742 nimirum
1170 2674 1395 2760 postolando

268 2777 396 2860 nogotio
424 2780 667 2863 (πραγματείας
694 2775 841 2864 μεγάλης
864 2781 1003 2860 vers-10)
1031 2778 1207 2863 Dionysius
1229 2780 1328 2846 verbe
1352 2777 1396 2842 lc-

269 2881 322 2960 cit,
350 2888 460 2946 secuta
482 2887 556 2946 sunt
579 2900 629 2960 ea,
654 2881 769 2963 quibus
792 2880 832 2948 de
854 2881 962 2965 magni
984 2881 1103 2948 laboris
1131 2879 1253 2964 (πόκου
1274 2881 1397 2946 πολλοῦ

268 3003 353 3050 vers.
372 2987 394 3069 a)
423 2984 525 3050 fructu
556 2985 747 3070 explicavit;
783 3005 866 3069 quae
895 2985 1134 3052 interciderunt.
1182 2987 1314 3052 Rectius
1340 2984 1397 3050 ali-

268 3094 387 3169 quanto
402 3088 549 3172 Uptonus
570 3089 633 3172 (ap.
653 3087 781 3154 Schaef.
799 3088 839 3154 dc
855 3108 882 3154 ο.
901 3109 931 3152 v.
950 3109 982 3172 p.
999 3089 1085 3168 6741,
1113 3089 1168 3170 qui
1191 3108 1263 3154 oum
1279 3094 1397 3174 postre-

267 3212 321 3256 ma
343 3190 457 3256 mutila
479 3210 551 3258 esse
574 3191 785 3276 cognovisset,
821 3191 984 3274 Sylburgii
1007 3197 1096 3256 textu
1120 3190 1274 3276 deceptus
1296 3191 1399 3258 alte-

268 3314 350 3359 rum
373 3295 488 3360 colon
510 3293 689 3361 desiderari
719 3315 781 3360 non
805 3294 985 3380 perspexit,
1017 3295 1117 3360 verba
1137 3294 1184 3360 ito
1206 3295 1396 3361 conformat:

269 3392 394 3461 ἐλάττω
429 3403 487 3483 τῆς
515 3394 750 3484 προσηκούσης
781 3390 871 3481 αὐτῷ
897 3397 1003 3480 (immo
1026 3390 1126 3482 αὑτῷ)
1156 3393 1273 3484 δόξης,
1305 3415 1398 3480 qnam

268 3499 459 3567 Schaelerus
481 3501 502 3565 1.
522 3500 559 3582 1.,
586 3500 641 3582 qui
663 3499 810 3564 lacunam
826 3506 953 3566 61161616
976 3519 1100 3583 negans
1121 3499 1278 3566 audacius
1294 3497 1399 3566 scribit

268 3600 394 3669 ἐλάττω
417 3609 478 3669 τοῦ
500 3601 740 3690 προσήκοντος.
789 3602 935 3687 Dionysii
952 3609 1059 3669 autem
1082 3609 1189 3668 textus
1210 3603 1258 3668 ita
1273 3621 1400 3686 compn-

266 3713 434 3786 natusest,
468 3713 503 3771 ut
529 3726 758 3789 nonnunquam
781 3707 929 3772 lacunam
951 3705 1124 3788 agnovisse
1151 3726 1192 3771 ex
1214 3706 1293 3790 ipsis
1314 3702 1401 3786 codi-

268 3831 340 3878 cum
363 3810 491 3878 indioiis
513 3831 608 3894 quam
630 3811 729 3876 verba
758 3809 876 3876 tradita
898 3809 1053 3875 violenter
1082 3810 1191 3876 sensui
1214 3817 1324 3898 aptare
1347 3826 1400 3870 su-

269 3915 333 3980 tius
361 3914 544 3980 habendum
573 3914 625 3978 sit.
673 3915 786 3996 Itaque
815 3934 844 3978 6.
869 3933 900 3996 g.
927 3934 959 3997 p.
980 3915 1070 3978 81311
1100 3934 1171 3978 cum
1196 3913 1325 3979 Reiskio
1354 3909 1401 3973 ita

269 4019 406 4085 scribas:
435 4007 481 4084 ὧν
504 4011 579 4083 οὔτε
595 4022 812 4103 προαιρέσεις
829 4012 967 4101 ἰσχυρὰς
983 4043 1000 4074 e
1015 4045 1032 4074 κ
1047 4043 1082 4078 a.
1122 4013 1248 4094 ταύτας
1270 4013 1307 4102 or)
1326 4012 1396 4078 κτλ.

269 4124 401 4188 Praeter
429 4122 496 4186 alia
516 4121 616 4186 verba
643 4121 805 4205 perierunt
831 4119 911 4187 haec
936 4113 1212 4202 circumceptam,
1245 4119 1337 4184 616.
1364 4133 1398 4195 g·

269 4245 301 4308 p.
321 4227 395 4288 8111
421 4224 486 4290 εἴτε
510 4231 567 4312 της
591 4227 821 4308 προαιρέσεως
847 4273 853 4288 .
876 4272 882 4285 .
905 4272 910 4287 .
937 4221 1002 4310 εἴτε
1025 4229 1083 4310 της
1100 4219 1283 4305 δυνάμεως.
1319 4219 1399 4283 8131
