3010 4896
278 300 321 366 uo
714 335 754 346 -
803 297 899 382 [142]
948 335 989 346 -

367 495 478 579 Neque
500 517 580 578 quoe
607 495 656 560 illi
679 495 898 560 concluserunt
922 515 960 558 ex
983 492 1080 558 verbo
1104 484 1238 576 ὀπώρα,
1267 513 1338 556 vere
1359 513 1412 574 pu·

278 604 377 669 tanda
400 609 481 670 sunt.
519 593 648 687 Ὀπώρα
667 602 751 668 enim
774 598 932 684 signifieat
954 598 1075 664 fruetus
1098 597 1248 665 arborum
1266 605 1297 664 et
1319 597 1415 672 bacas,

278 717 314 775 ut
334 711 427 788 mala,
446 730 533 794 pyra,
552 707 637 787 fieos,
655 729 863 785 uvas,om11es
878 707 1013 792 denique
1031 705 1185 773 mollioris
1198 706 1323 771 corticis
1336 703 1414 770 fruc-

279 824 344 882 tus:
367 817 456 882 aliud
473 816 550 900 quid
573 815 635 881 boo
653 815 805 880 vocabulo
824 835 861 880 eo
880 814 920 879 de
939 835 1001 898 quo
1020 815 1141 897 agimus
1165 814 1234 878 loco
1253 809 1415 895 significari

279 925 388 1008 nequit
411 923 586 1009 probari.¹)
632 923 744 1006 Itaque
767 943 806 986 ex
829 921 892 986 illis
916 943 979 987 non
1000 928 1068 988 tam
1095 919 1223 999 „melius
1246 919 1321 986 anni
1343 924 1416 984 tem-
1489 957 1490 970 ο

278 1039 354 1114 pus“
386 1030 656 1114 appropinquasse
684 1049 779 1114 quam
810 1030 947 1094 mediam
975 1035 1128 1096 aestatem
1154 1029 1205 1094 vel
1236 1028 1340 1112 potius
1366 1048 1417 1091 au·
1489 1063 1490 1068 κ

278 1145 423 1202 tumnum
450 1158 486 1202 eo
511 1143 651 1220 tempore
674 1137 738 1202 iam
765 1135 918 1220 incepisse
942 1137 1190 1204 concludendum
1217 1142 1312 1211 esset3
1339 1133 1416 1218 quod
1489 1195 1490 1238 p

280 1244 406 1328 quidem
433 1242 501 1308 fieri
528 1243 731 1309 nullomodo
754 1249 869 1328 potest,
896 1245 957 1310 nisi
980 1242 1063 1310 forte
1087 1245 1157 1328 quis
1181 1243 1343 1309 contendit
1365 1242 1417 1308 tri·

279 1353 369 1435 ginta
386 1352 469 1416 viros
492 1351 596 1417 hieme
614 1353 779 1418 institutos
798 1371 873 1418 esse.
911 1351 976 1417 Neo
994 1359 1101 1416 tumen
1120 1351 1267 1435 intellego
1286 1373 1343 1416 eur
1360 1371 1417 1414 non

280 1459 383 1524 hieme
410 1458 526 1524 milites
554 1450 695 1544 ὀπώραν
727 1461 843 1544 petisse
875 1461 1052 1526 credantur.
1106 1458 1263 1524 Nimirum
1294 1480 1358 1524 non
1383 1478 1419 1520 er
1489 1527 1490 1568 ,

280 1566 448 1631 arboribus
471 1566 547 1649 ipsis
570 1567 733 1651 legebant,
761 1566 872 1632 sedin
895 1567 1016 1633 horreis
1040 1574 1165 1633 servata
1187 1566 1418 1649 conquirebant
1489 1571 1490 1584 ¹

369 1673 434 1738 Neo
461 1673 589 1738 maioris
617 1674 766 1740 momenti
794 1680 868 1740 sunt
891 1674 999 1752 rerba,
1027 1697 1108 1758 quee
1134 1674 1240 1759 paullo
1269 1673 1354 1739 iuba
1375 1694 1419 1736 se-

281 1787 396 1846 cuntur
417 1775 616 1865 περιέτυχον
641 1780 675 1845 δὲ
699 1782 754 1845 καὶ
778 1787 849 1846 τῶν
872 1777 1056 1862 Αἰξωνέων
1084 1783 1171 1847 τιοὶν
1195 1779 1240 1858 εἰς
1263 1771 1342 1856 τοὺς
1366 1769 1419 1844 ab·

279 1894 352 1952 τῶν
375 1879 496 1973 ἀγροὺς
519 1885 575 1952 ἐπὶ
602 1879 643 1952 τὰ
667 1884 836 1975 ἐπιτήδεια
859 1883 1100 1973 πορευομένοις
1124 1889 1179 1976 (II,
1197 1889 1228 1966 4,
1247 1887 1314 1975 26).
1359 1887 1420 1951 Rus

185 2057 188 2062 .
281 1997 404 2061 iverunt
428 1995 534 2078 ibique
557 1993 678 2061 oiberia
701 1996 897 2078 quaerebant
920 1995 1135 2073 Aexonenses3
1158 1995 1293 2061 fuloibus
1316 2003 1419 2060 tamen
1489 2013 1490 2016 ¹

280 2109 419 2168 armatos
442 2103 546 2168 medio
573 2102 658 2168 bello
681 2124 734 2168 eos
756 2102 914 2188 proleotos
937 2125 1018 2181 esse,
1045 2110 1082 2167 ut
1104 2102 1297 2168 frumentum
1319 2102 1420 2166 deme-

282 2215 395 2287 terent,
418 2210 587 2275 rerisimile
608 2231 672 2276 non
695 2210 827 2275 videtur.

370 2316 514 2381 Instituti
541 2317 638 2400 igitur
661 2323 735 2383 sunt
761 2317 895 2399 triginta
917 2316 999 2394 viri,
1016 2323 1053 2381 ut
1080 2337 1176 2401 supra
1198 2315 1421 2382 demonstravi·
1489 2277 1490 2348 l

281 2445 364 2501 mus,
395 2431 469 2489 ante
497 2431 669 2489 extremam
696 2430 863 2499 aestatem,
894 2424 1075 2506 ademptum
1108 2424 1153 2489 eis
1184 2423 1350 2506 imperium
1378 2427 1421 2486 est

282 2531 385 2596 hieme
408 2537 478 2596 octo
502 2530 661 2596 mensibus
684 2531 879 2596 intermissis.
926 2528 1005 2595 Cum
1027 2551 1100 2596 vero
1120 2529 1264 2596 Athenae
1286 2529 1421 2595 traditae

282 2637 346 2704 sint
369 2637 457 2704 XXV
486 2639 537 2704 die
564 2639 680 2703 mensis
703 2637 835 2720 Aprilis,
862 2637 965 2703 medio
993 2637 1060 2704 fere
1087 2637 1178 2704 Iunio
1205 2637 1340 2720 triginta
1367 2635 1422 2699 viri

282 2745 421 2810 instituti
445 2767 512 2811 esse
535 2746 683 2810 ridentur
705 2751 802 2828 atque
824 2744 899 2810 bino
920 2767 1020 2830 usque
1042 2747 1083 2810 ed
1107 2746 1224 2830 primos
1247 2746 1315 2810 dies
1339 2765 1421 2808 mon-

285 2853 328 2919 sis
351 2851 518 2918 Februarii
541 2853 707 2937 imperium
729 2852 875 2917 tenuisse.

287 3007 374 3014 ----.
388 3009 460 3014 μ...»

375 3103 393 3166 ¹)
414 3101 448 3156 cl.
464 3101 534 3156 Plut.
549 3101 602 3170 leg.
617 3119 644 3171 p.
659 3101 758 3170 844D3
778 3100 861 3155 Arist.
877 3099 964 3170 probl.
975 3099 1064 3166 XXII,
1081 3105 1102 3156 1.
1114 3103 1144 3168 8;
1163 3101 1234 3156 Plut.
1249 3100 1337 3170 probl.
1349 3100 1421 3154 Rom.

283 3191 331 3258 403
350 3190 446 3244 Galen.
462 3191 497 3246 de
515 3190 589 3246 alim.
604 3190 658 3246 lac.
679 3194 706 3259 13
726 3189 834 3245 Aellsn.
854 3190 934 3258 epist.
955 3191 1109 3258 vl1.v111;
1129 3193 1214 3260 Long.
1229 3190 1278 3256 111,
1297 3191 1340 3254 33,
1356 3193 1380 3242 ⁴2.
1394 3189 1422 3252 33
1489 3235 1490 3238 ,

284 3279 330 3344 lV,
350 3281 375 3344 2,
395 3281 419 3334 6.

374 3710 404 3764 In
425 3708 520 3764 tabule
539 3723 609 3778 quse
628 3707 752 3778 sequitur
775 3715 969 3778 comparentur
992 3707 1148 3764 sententiae
1167 3708 1201 3763 de
1220 3707 1316 3763 ordine
1334 3721 1422 3763 rerum

287 3813 322 3853 ex
341 3803 492 3869 temporum
510 3795 617 3852 ratione
635 3798 827 3854 constituendo
845 3798 979 3867 prolatae.
