3034 4896
558 336 773 400 ...47-

96 543 159 589 non
173 521 279 588 fusius
294 542 367 588 eum
378 520 419 587 dc
430 521 625 590 carminibus
637 520 755 589 dicere.
785 522 897 606 Itaque
910 518 1016 586 iacere
1027 538 1091 585 non
1102 537 1233 603 possum

96 627 173 710 quin
195 632 305 711 putem
334 625 374 691 de
403 625 545 691 Lucretii
567 624 762 694 carminibus
785 643 850 692 uon
871 624 971 690 multo
994 630 1092 690 antea
1114 621 1233 707 publici

95 728 174 796 iuris
189 727 283 794 factis
299 727 470 795 Cicerones
491 726 645 793 iudicium
669 726 807 794 breviter
827 725 912 795 iuter
926 745 961 792 sc
977 723 1230 792 communicare:

96 831 227 915 parius
249 849 305 896 eos
328 850 391 896 non
421 849 493 898 ease
523 837 625 896 motos
654 836 686 896 et
708 849 748 896 ex
770 848 825 910 co,
857 827 943 914 quod
971 847 1129 912 nusquam
1151 826 1233 894 alias

97 933 237 1000 Lucretii
259 932 453 998 mentionem
476 931 613 1016 iaciunt,
641 938 673 998 ct
694 951 735 1000 cx
757 937 825 998 tota
853 950 962 998 eorum
991 937 1108 998 natura
1137 936 1234 1012 atque

97 1035 227 1120 ingenio
250 1034 395 1120 colligas.

182 1138 347 1221 Inquircrc
359 1157 445 1221 vero,
462 1136 590 1203 cuinam
602 1135 765 1202 hominum
777 1134 952 1216 doctorum,
968 1135 1023 1217 qui
1035 1141 1102 1200 tum
1114 1134 1234 1201 Romae

96 1241 259 1326 uigebant,
275 1247 383 1307 sectae
395 1239 656 1306 adnumerandus
669 1239 712 1304 sit
722 1239 834 1318 editor,
850 1257 1127 1324 supervacaneum
1137 1237 1229 1318 duco,

97 1344 246 1426 qnoniam
269 1343 430 1428 propriam
453 1343 523 1408 eius
545 1348 692 1408 naturam
714 1361 754 1408 ex
777 1341 842 1422 eis,
878 1359 962 1424 quae
984 1340 1019 1406 in
1041 1339 1234 1408 carminibus

97 1446 298 1515 incredenis
322 1443 515 1526 emendarit,
542 1463 605 1510 non
629 1444 708 1510 satis
730 1443 914 1528 perspicere
936 1461 1107 1528 possumus
1130 1462 1235 1525 neque

97 1548 174 1615 inde
212 1548 381 1632 quicquam
417 1545 460 1613 ad
494 1544 745 1614 emendatoriam
783 1544 852 1613 eius
885 1565 1016 1630 operam
1038 1545 1234 1620 ¹accuratius

97 1651 355 1736 cognoscendam
377 1648 545 1716 redundet.

623 1841 700 1924 ΙΙΙ.

185 2010 292 2076 Tertio
314 2010 384 2076 loco
404 2007 447 2074 ad
470 2007 730 2092 grammatici
753 2005 840 2072 illius
855 2006 1131 2092 interpolationes,
1150 2029 1233 2094 quac

99 2113 195 2196 longe
217 2111 388 2176 maximam
410 2111 595 2176 iteratorum
611 2117 733 2195 partem
751 2109 904 2189 efficiunt,
930 2107 1133 2177 accedamus.
1173 2110 1235 2190 Qui

99 2215 318 2282 recensionem
340 2215 515 2282 carminum
531 2214 578 2279 ita
593 2211 699 2278 iacere
715 2211 846 2294 studuit,
867 2219 901 2278 ut
917 2213 967 2279 vel
983 2215 1234 2297 argumentatio-

99 2338 172 2386 nem
195 2323 329 2400 augeret
344 2323 531 2401 argumento
546 2315 666 2398 aliquo,
693 2335 756 2399 quo
771 2315 854 2380 alias
870 2321 967 2399 pocta
981 2335 1059 2381 usus
1076 2325 1154 2398 erat,
1182 2319 1235 2384 rel

98 2417 245 2503 insignes
275 2420 361 2484 locos
389 2425 550 2503 repeteret
572 2425 627 2484 aut
649 2417 691 2484 ad
715 2437 769 2484 eos
792 2424 966 2484 revocaret.
1013 2417 1084 2497 Quo
1106 2419 1236 2504 ingenio

97 2523 195 2589 tuerit
217 2541 342 2604 qunque
365 2531 435 2588 arte
458 2540 536 2587 usus
552 2521 603 2603 sit,
629 2521 664 2585 in
680 2520 759 2607 ipsis
775 2521 854 2586 iocis
871 2521 1046 2587 tractandis
1063 2542 1236 2606 cognosce-

99 2645 187 2691 mus:
212 2643 266 2690 eos
290 2623 375 2690 enim
397 2630 581 2690 constanter
604 2623 888 2708 comprehendam,
924 2643 963 2688 ex
993 2624 1108 2707 quibus
1131 2625 1236 2693 simile

98 2729 169 2795 eius
193 2727 361 2794 consilium
384 2734 550 2813 appareat.
598 2727 647 2793 De
670 2747 809 2811 persona
830 2746 907 2794 vero
930 2727 999 2793 eius
1022 2747 1061 2793 ac
1083 2730 1237 2813 tempori-

98 2832 158 2897 bus
180 2830 215 2896 id
238 2831 341 2895 solum
370 2829 433 2895 dici
464 2835 583 2914 potest,
618 2849 690 2894 eum
720 2836 794 2895 ante
824 2829 964 2896 Gellium
993 2829 1103 2896 fuisse.
1152 2832 1235 2896 Nam

98 2953 212 2999 versus
229 2932 282 3013 IV,
303 2935 464 3012 tte-29,
489 2951 568 3016 quos
592 2931 632 2998 ab
656 2952 695 2998 eo
717 2953 757 2997 ex
780 2938 870 2998 scuto
888 2932 968 2998 libro
985 2932 1068 2998 falso
1084 2933 1235 3018 repetitos

98 3056 171 3102 csse
186 3055 244 3121 pg.
264 3037 303 3100 73
320 3033 554 3114 demonstrabo,
578 3035 643 3099 iam
659 3035 699 3100 ab
715 3034 772 3099 illo
786 3034 821 3098 in
836 3043 946 3118 quarto
962 3035 1043 3100 libro
1057 3035 1132 3101 lecti
1149 3045 1232 3103 sunt.

185 3137 263 3202 Fuit
284 3137 339 3203 illc
361 3136 500 3221 quidem,
528 3135 590 3203 nisi
613 3137 718 3218 fallor,
744 3156 826 3203 unus
850 3157 891 3202 ex
913 3137 970 3218 eis,
997 3138 1051 3221 qui
1067 3139 1236 3206 Frontonis

99 3245 207 3324 partes
231 3237 333 3305 secuti
355 3239 534 3324 priscorum
563 3239 754 3325 scriptorum
777 3239 961 3305 Latinorum
992 3241 1091 3308 libros
1121 3263 1237 3328 magno

98 3342 205 3407 studio
234 3361 398 3426 parvoque
430 3341 561 3425 ingenio
591 3343 742 3408 colerent.
790 3339 852 3419 Qui
887 3348 922 3407 ut
950 3341 985 3407 in
1012 3343 1081 3409 suis
1111 3345 1238 3430 scriptis

98 3453 242 3511 veterum
265 3442 437 3509 dictimcm
458 3443 677 3527 imitabantur,
704 3443 750 3509 ita
770 3445 804 3509 in
830 3445 912 3530 ipsis
942 3465 1049 3511 eorum
1074 3447 1164 3513 libris
1187 3469 1239 3514 re·

99 3545 281 3624 censendis,
308 3546 384 3628 quid
399 3545 459 3612 hoc
474 3545 602 3612 dicendi
617 3566 734 3630 genere
758 3548 926 3632 pollerent,
948 3548 1144 3632 periclitatos
1167 3569 1239 3617 esse

101 3649 214 3714 mirum
237 3670 301 3714 non
324 3655 374 3715 est
384 3651 420 3733 ¹).

168 3824 184 3886 ¹)
207 3820 251 3874 Ex
268 3835 373 3889 genere
390 3821 503 3876 dicendi
516 3821 545 3876 in
557 3820 821 3891 interpolationibus
833 3822 869 3877 ab
882 3823 944 3892 ipso
957 3822 1085 3878 adhibito
1098 3825 1132 3880 de
1145 3831 1238 3880 aetate

98 3906 273 3974 grammatici
291 3907 361 3962 nihil
380 3907 449 3962 certi
468 3911 562 3975 potest
580 3907 683 3975 colligi.
717 3905 852 3962 Nimirum
871 3909 955 3964 etiarn
969 3909 1010 3964 eis
1022 3909 1100 3974 locis,
1122 3910 1169 3965 ubi
1184 3927 1238 3964 uon

100 3999 175 4046 totos
188 4008 287 4046 versus
300 3991 483 4047 Lucretiauos
495 3992 572 4046 nulla
585 3993 738 4048 mutatione
752 3991 827 4048 iacta
840 3992 911 4050 saiso
925 3994 1050 4057 inseruit,
1071 3996 1122 4050 sed
1139 4011 1174 4051 ex
1187 4012 1237 4050 suc

100 4079 214 4147 ingenio
231 4093 321 4148 pauca
339 4079 457 4140 addidit,
479 4079 643 4148 plerumque
655 4079 831 4135 Lucretianis
849 4080 944 4136 verbis
962 4098 1030 4136 usus
1048 4089 1100 4136 est.
1133 4081 1237 4136 Tamen

100 4164 143 4219 bis
162 4180 214 4219 sua
232 4173 333 4235 sponte
350 4164 522 4234 antiquiores
541 4163 643 4219 formas
660 4165 771 4232 posuit:
792 4165 813 4229 1,
830 4167 879 4218 tta
898 4181 948 4236 pro
962 4167 1017 4221 iltis
1035 4167 1147 4235 scripsit
1160 4167 1236 4225 cilius

101 4249 147 4314 lv,
169 4251 202 4302 53
221 4265 276 4306 vox
295 4251 364 4304 cluet
380 4251 499 4319 priscam
517 4251 685 4306 latinitatem
705 4251 787 4322 sapit.
