3008 4884
523 371 566 381 -
614 335 698 416 3333]
746 367 788 378 -
1184 337 1225 399 33

84 527 168 591 bent
196 532 230 587 at
252 545 299 598 ca,
331 531 383 586 331
405 545 441 586 33
464 521 633 587 similibus.
667 539 797 604 prorsus
825 521 948 588 nullam
977 521 1075 587 habet
1108 521 1221 602 tidem;

83 634 191 694 restat
211 626 308 709 igitur
329 643 412 688 unus
434 625 533 706 locus,
567 643 630 706 quc
659 633 753 687 anteo
778 623 898 690 idcirco
919 623 1046 690 videtur
1071 645 1091 690 3
1113 624 1227 691 Comi-

83 731 162 796 11313
185 747 257 794 3333
279 727 431 812 positum,
456 733 492 791 ut
512 733 662 792 accurate
684 725 893 812 responderet
908 726 1114 810 praecedenti
1131 738 1225 810 poct-

84 857 144 896 ea:
180 833 219 895 de
247 855 282 895 eo
311 832 396 916 quod
424 837 534 913 postca
566 828 702 893 dicione
729 838 822 893 antea
850 829 1019 894 3311333333.
1072 829 1226 897 Similiter

84 935 178 1020 apud
199 933 385 1000 Ciceronem
416 932 449 996 in
471 931 577 1017 priore
599 931 640 998 de
661 930 845 997 inventione
873 931 955 997 libro
984 932 1049 1016 legi
1070 942 1142 998 ante
1165 934 1226 998 ad·

84 1037 234 1105 verbium
250 1036 371 1121 septies
386 1035 505 1114 decies,
531 1035 691 1115 innitere,
718 1034 751 1099 ni
769 1034 874 1112 fallor,
901 1035 1106 1119 quadragies.
1132 1045 1226 1100 antea

85 1144 121 1206 in
146 1149 258 1206 neutro
281 1139 373 1205 libro.
420 1140 459 1203 In
480 1137 605 1203 duabus
635 1138 746 1222 primis
769 1138 967 1204 orationibus
996 1157 1037 1203 ex
1064 1138 1143 1205 locis
1171 1139 1221 1218 iis,

85 1245 208 1328 quibus
229 1251 302 1306 ante
324 1240 510 1306 adverbium
533 1239 659 1324 legitur,
687 1239 859 1324 separandi
881 1239 1030 1306 videntur
1051 1240 1084 1322 ii,
1110 1241 1225 1323 quibus

85 1357 162 1413 ante
184 1345 281 1413 certis
304 1343 495 1427 quibusdam
518 1343 676 1426 prolatum
706 1349 756 1409 333
783 1341 943 1424 formulis,
977 1343 1123 1428 inprimis
1152 1354 1225 1410 orote

85 1471 196 1537 quom,
226 1448 324 1512 multo
354 1455 439 1526 3333,
466 1445 565 1529 paulo
594 1455 667 1511 ante
689 1453 770 1524 etc.;
804 1445 838 1512 in
861 1447 912 1512 his
935 1446 1031 1527 enim,
1066 1454 1101 1512 ut
1127 1467 1225 1532 supra

84 1553 238 1634 diximus,
263 1550 441 1636 posteriore
463 1569 588 1632 quoqne
611 1554 752 1634 tempore
773 1557 846 1612 ante
868 1547 936 1615 fere
958 1568 1086 1634 semper
1109 1551 1226 1616 retine-

85 1667 151 1734 tur,
184 1661 219 1720 33
241 1662 334 1718 anua
355 1675 449 1738 quom
471 1653 505 1719 in
527 1652 691 1718 Ciceronis
708 1651 905 1718 orationibus
927 1659 1055 1718 auctore
1078 1653 1227 1736 Mergue-

86 1759 133 1824 tio
156 1777 218 1823 non
241 1757 315 1841 plns
338 1755 439 1820 semel
461 1756 589 1838 legatur
602 1753 709 1820 Deiot.
729 1757 780 1818 30.
831 1753 1027 1819 lucratione
1049 1754 1146 1837 igitur
1167 1775 1225 1840 pro

86 1860 237 1938 Quinctio
252 1857 370 1942 legitur
385 1866 458 1922 ante
473 1879 566 1942 quom
581 1857 749 1940 quinquies
765 1861 794 1937 2,
812 1859 843 1920 9.
872 1862 921 1936 15,
941 1859 993 1920 48.
1023 1861 1070 1936 rt,
1091 1862 1142 1921 54.
1170 1861 1221 1939 36,

87 1967 143 2028 81.
176 1963 228 2043 38,
249 1965 300 2042 86,
326 1967 399 2025 ante
417 1959 560 2026 ablativo
575 1959 777 2026 subiunctnm
794 1960 893 2025 semel
911 1963 961 2024 29.
982 1961 1032 2027 88.
1059 1967 1225 2044 praeterea

86 2069 271 2150 misterio,
290 2067 342 2128 35.
374 2065 426 2144 22,
447 2067 498 2126 71.
531 2066 582 2142 26,
603 2067 654 2128 81.
682 2065 733 2140 30,
753 2065 812 2130 32:
850 2070 944 2126 antea
971 2061 1100 2128 omnino
1130 2063 1225 2145 qnin-

85 2167 181 2251 qnies
203 2169 234 2248 9,
254 2169 305 2232 33.
334 2169 386 2242 10,
404 2166 457 2229 34.
483 2168 534 2245 20,
554 2167 607 2230 63.
633 2168 685 2244 23,
705 2168 758 2228 77.
784 2167 836 2240 28,
856 2167 908 2228 87.
950 2166 988 2229 13
1003 2165 1144 2231 33331333
1167 2185 1224 2250 pro

87 2270 208 2336 Roscio
229 2267 379 2334 Amerino
401 2267 512 2333 inveni
534 2275 607 2331 onte
629 2289 723 2352 33333
745 2265 796 2332 bis
819 2270 870 2348 32,
891 2271 943 2330 60.
974 2271 1026 2347 50,
1050 2271 1120 2347 145,
1151 2277 1225 2333 onte

87 2373 233 2439 ablativo
262 2368 668 2450 330133333313137,19.
705 2372 756 2452 93,
777 2373 828 2450 64,
862 2377 1028 2453 praeterea
1055 2370 1224 2454 quinquies

87 2481 118 2553 9,
139 2479 193 2540 25.
219 2478 272 2557 32,
291 2477 344 2538 91.
371 2477 424 2554 34,
443 2475 495 2538 96.
521 2477 664 2554 40,116.
691 2475 840 2550 49,143;
867 2480 976 2538 eontra
992 2483 1085 2538 anteo
1106 2473 1141 2538 in
1162 2473 1225 2540 bac

84 2580 160 2662 ipsa
182 2577 326 2644 oratione
348 2575 455 2642 decies
486 2580 600 2658 qnater
623 2578 653 2654 3,
673 2577 703 2640 8.
738 2579 841 2657 4,11.
873 2577 903 2656 8,
924 2578 976 2638 21.
1013 2582 1062 2657 15,
1082 2580 1136 2641 tn.
1169 2581 1220 2658 91,

87 2685 141 2744 33.
175 2683 228 2762 33,
249 2683 302 2745 33.
328 2684 379 2762 33,
399 2684 452 2743 33.
478 2683 530 2758 31,
551 2683 603 2744 33.
630 2682 680 2759 33,
701 2680 754 2743 33.
781 2682 832 2760 34,
852 2681 905 2743 33.
931 2683 983 2758 33,
1001 2683 1073 2744 333.
1100 2685 1224 2760 rnna

86 2785 149 2850 bis.
185 2787 330 2864 48,140.
381 2784 418 2848 13
448 2781 644 2848 orationibus
673 2781 818 2848 Verriuis
846 2782 985 2862 3333313,
1022 2780 1082 2848 hoc
1112 2791 1163 2849 333
1191 2783 1224 2848 13

85 2886 287 2952 divinatione
309 2887 342 2950 iu
364 2884 550 2960 Caecilium,
577 2883 703 2950 3331333
733 2884 839 2968 prima
860 2885 895 2949 in
917 2886 1060 2961 Verrem,
1089 2886 1224 2952 actionis

85 2988 250 3054 secundae
272 2987 362 3054 libris
385 2988 543 3071 quinque,
575 2987 694 3070 legitur
716 2996 787 3050 333·
809 2987 996 3053 adverbium
1018 2989 1161 3072 exceptis
1183 2989 1224 3054 iis

85 3091 180 3172 13313,
217 3089 331 3173 quibus
353 3099 427 3154 onte
449 3113 543 3175 quom
565 3096 598 3155 et
620 3099 692 3154 3333
713 3090 855 3156 ablativo
878 3090 1079 3156 subiunctum
1102 3093 1223 3175 reperi-

86 3204 148 3274 tur,
182 3194 292 3260 tricies
316 3194 437 3274 novies,
464 3202 557 3258 antea
577 3193 726 3276 sexagies
749 3201 807 3274 ter,
841 3193 1018 3277 eademque
1045 3192 1113 3260 sere
1143 3193 1223 3260 ratic

86 3303 136 3364 eet
164 3317 224 3380 per
251 3303 376 3364 ceteras
409 3296 570 3362 orationes
600 3316 723 3362 omnes.
777 3298 929 3363 Attamen
961 3297 994 3362 in
1028 3297 1224 3364 orationibus

86 3398 277 3484 Philippicis
300 3400 405 3466 denuo
428 3407 502 3464 onte
524 3399 711 3466 adverbium
735 3400 865 3484 saepius
890 3407 1026 3484 apparet
1047 3420 1143 3482 quam
1166 3425 1225 3466 ao-

87 3511 153 3575 teo;
187 3501 251 3583 legi
282 3501 367 3567 enim
390 3509 464 3566 onte
493 3502 637 3586 exceptis
666 3501 769 3568 isdem
796 3503 884 3582 locis,
918 3521 998 3585 3333
1024 3503 1119 3569 modo
1141 3503 1220 3584 dixi,

86 3605 197 3684 vicies,
230 3613 325 3668 antea
347 3603 512 3671 undecies.
558 3604 647 3670 Haec
676 3624 728 3671 res
759 3606 918 3687 quomodo
940 3603 1155 3671 existimanda
1184 3606 1225 3670 sit

85 3705 270 3772 accuratius
288 3725 450 3791 exponere
473 3715 602 3774 nonest
623 3707 720 3773 huius
742 3709 820 3779 loci:
847 3708 927 3775 illud
949 3708 1012 3774 iam
1036 3729 1119 3774 3333
1143 3708 1224 3774 dici-

85 3828 169 3888 mus,
187 3808 289 3874 videri
305 3809 397 3876 nobis
409 3809 598 3876 Ciceronem
608 3811 643 3876 in
655 3811 823 3895 postremis
835 3811 1033 3879 orationibus
1045 3829 1108 3876 non
1120 3830 1224 3895 pauca

85 3911 192 3978 denuo
214 3912 374 3996 recepisse
396 3911 430 3978 in
452 3903 631 3979 aermone'm
655 3933 760 3994 suum,
786 3933 869 3996 quae
887 3920 984 3979 antea
999 3913 1220 3997 improbasset.

173 4012 258 4080 Usus
282 4015 433 4082 similium
449 4014 671 4081 adverbiorum
692 4025 766 4099 poet
787 4024 820 4083 et
838 4024 949 4098 posteo
970 4015 1046 4080 inde
1070 4015 1110 4079 ab
1133 4015 1223 4080 initio

86 4118 172 4184 alins
201 4116 328 4182 videtur
360 4117 459 4184 fuisse
488 4117 539 4200 lcf.
563 4117 643 4182 Brix
672 4119 714 4184 ad
737 4119 844 4185 Plauti
874 4119 963 4184 Τ313.
983 4120 1077 4197 568,;
1110 4125 1224 4199 postea

86 4220 170 4286 cnim
193 4218 280 4303 apud
304 4220 506 4286 Cornificium
536 4222 624 4286 etin
647 4221 758 4305 primis
781 4221 943 4288 Ciceronis
971 4220 1098 4305 scriptis
1130 4220 1224 4285 simul
