3034 4896
597 335 811 396 ..65-

136 520 216 586 deos
239 520 351 587 referri
381 539 445 586 non
466 539 579 605 posse,
606 521 681 602 quio
703 521 751 586 ira
779 519 872 602 (unde
894 527 1002 588 tumen
1028 521 1102 586 illas
1125 540 1177 588 res
1199 542 1273 608 pro-

137 621 237 689 ficisci
272 623 476 708 cogitandum
511 627 613 702 esset,
651 623 679 690 si
707 623 761 689 dei
794 631 941 690 auctores
970 627 1102 708 essent),
1139 631 1272 690 neturus

137 745 247 794 eornm
285 733 451 811 repugnet.
505 724 591 803 Quid
628 725 747 810 igitur?
796 727 881 793 Num
919 733 1014 812 putus
1051 745 1162 794 versus
1200 749 1272 792 ream

138 831 214 895 bene
243 829 299 915 qui
326 830 461 894 didicere
489 853 516 894 e.
549 853 581 915 q.
614 852 641 894 s.
680 831 720 895 ab
758 829 870 896 eodem
902 829 1048 897 lucretio
1082 830 1115 896 in
1149 831 1273 898 duobus

136 939 170 1000 ct
192 934 325 998 multum
347 933 431 1000 inter
460 953 495 1000 se
524 932 744 1000 differentibus
772 933 851 1000 locis
881 933 1001 1017 positos
1031 939 1124 1000 esset
1167 935 1273 1000 Verbo

136 1035 268 1120 quidem
290 1037 321 1100 εἰ
341 1045 443 1102 tumen
471 1037 592 1101 inimo
620 1037 778 1101 mirantur
805 1059 866 1120 quo
894 1037 1017 1100 ratione
1044 1059 1182 1122 quaeque
1204 1037 1276 1121 pers·

134 1139 279 1223 possint,
300 1140 489 1223 praesertim
516 1140 609 1204 rebus
636 1139 669 1204 ὑπ
697 1140 764 1204 {tto
793 1162 871 1225 poue
900 1161 1015 1224 supera
1043 1149 1139 1224 caput
1165 1141 1273 1205 autle-

136 1243 197 1306 rr'is
218 1252 390 1308 comuntur
411 1242 444 1307 in
466 1243 529 1308 oris
557 1243 590 1308 in
613 1251 704 1310 sexto
730 1243 810 1310 libro
833 1243 953 1309 nullum
976 1244 1082 1310 locum
1105 1243 1270 1322 baberent,

135 1346 257 1432 quippe
272 1347 305 1414 in
320 1348 434 1431 quibus
449 1347 583 1414 formido
598 1366 702 1413 rerum
718 1367 781 1414 uon
797 1347 1021 1428 contineretur,
1046 1354 1271 1431 praeterquam

135 1449 223 1534 quod
246 1450 345 1518 verba
365 1451 457 1515 rebus
478 1450 511 1514 in
530 1449 595 1514 ittet
609 1473 689 1536 quoe
703 1473 818 1534 supero
832 1458 929 1534 caput
942 1449 1090 1514 aetheriis
1104 1459 1274 1514 cernuntur

136 1554 172 1617 r’rr
195 1554 275 1630 ort's,
302 1554 329 1621 si
352 1553 394 1620 ad
417 1562 519 1619 cetero
543 1553 715 1639 quucfiere‘
735 1555 769 1616 ic
792 1554 884 1618 roso
903 1554 1048 1638 coeloque
1072 1561 1199 1617 tutentur·
1221 1574 1273 1619 re-

137 1657 215 1723 ferri
230 1663 372 1741 possent,
395 1677 451 1724 eas
467 1676 528 1738 res,
548 1677 628 1740 qnae
646 1661 676 1722 iu
693 1658 782 1724 caelo
797 1656 886 1738 fiant,
905 1656 991 1722 baud
1007 1656 1162 1741 probabili
1178 1657 1271 1722 modo

138 1767 238 1844 poeta
265 1760 403 1826 efferret.
458 1760 541 1826 Nam
571 1759 605 1824 id
632 1760 756 1844 opinari
786 1779 849 1828 non
877 1759 995 1844 potuit,
1022 1758 1207 1826 fulminibus
1237 1781 1274 1826 uc

136 1861 309 1930 tonitribus
332 1862 476 1930 homiues
504 1861 617 1929 lortius
641 1863 759 1928 moveri
789 1883 883 1946 quam
913 1868 1016 1928 terrae
1046 1863 1199 1945 motibus,
1234 1863 1274 1929 dc

135 1966 254 2049 quibus
277 1974 389 2051 postea
410 1965 499 2032 dicit.
524 2003 568 2013 —

225 2069 386 2152 Sequitur,
411 2077 445 2135 ut
468 2069 677 2136 dunensibus

295 2172 373 2258 quid
391 2181 530 2258 nequeat,
543 2173 647 2258 finito
664 2181 806 2256 potestas
828 2173 958 2257 denique
981 2172 1090 2258 cuique

295 2297 430 2360 quorsum
452 2276 493 2340 sit
514 2276 636 2340 ratione
658 2283 750 2359 atque
772 2275 836 2338 alte
860 2275 1009 2339 terminus
1030 2275 1163 2339 haerens

135 2377 172 2444 iu
195 2378 277 2443 libro
299 2378 400 2464 primo
422 2379 473 2446 bis
495 2379 640 2464 repetitis
668 2380 752 2460 [595.
778 2381 808 2459 6,
836 2381 887 2442 76.
913 2381 942 2460 'll
973 2376 1128 2444 dicamus.
1176 2378 1275 2443 Proe-

137 2481 258 2548 ceduut
280 2489 385 2549 autem
408 2489 542 2566 utroque
565 2484 636 2549 loco
658 2482 757 2546 rerba
779 2481 856 2567 quid
869 2482 975 2566 possit
996 2481 1089 2562 oriri,
1116 2501 1180 2548 non
1202 2482 1279 2566 quid

137 2593 235 2669 qsoeat
263 2607 342 2666 ecre,
379 2605 460 2669 quoe
494 2585 527 2651 in
561 2585 672 2668 quinto
701 2585 782 2650 libro
810 2583 1017 2670 praecedunt.
1065 2586 1112 2650 Ao
1139 2584 1275 2669 primum

136 2685 270 2768 quidem
303 2687 476 2754 Purmsnni
509 2687 707 2771 aliorumque
741 2687 918 2766 sententia,
959 2687 1013 2770 qui
1051 2687 1274 2772 repetitionem

137 2787 252 2854 borum
282 2807 433 2856 versuum
459 2810 498 2857 eo
519 2798 693 2869 excusent,
718 2788 803 2873 quod
825 2789 873 2855 eis
896 2795 983 2856 certo
1012 2789 1170 2874 quaedam
1201 2809 1277 2856 seu-

137 2891 252 2973 tentio,
278 2912 359 2976 quae
375 2893 450 2960 aliis
464 2893 572 2960 verbis
594 2893 756 2959 difficilius
776 2893 911 2977 exprimi
926 2893 1038 2977 possit,
1063 2893 1273 2972 contineatur,

137 2994 246 3060 miuus
267 2996 430 3081 probatur,
456 2996 541 3078 quin,
568 2996 596 3062 si
619 3004 736 3062 certam
759 2995 918 3062 notionem
940 3005 1084 3081 repetere
1106 2997 1273 3073 voluisset,

137 3117 204 3164 uon
234 3097 444 3165 dubitandum
473 3107 524 3165 est
549 3099 745 3181 quinetiam
769 3098 890 3165 eisdem
914 3099 1029 3182 ubique
1052 3099 1158 3167 verbis
1180 3107 1276 3185 poeta

137 3219 255 3268 usurus
269 3201 377 3268 inerit.
417 3203 528 3286 Itaque
544 3203 658 3268 mirum
679 3208 776 3282 esset,
802 3201 830 3268 si
846 3223 902 3287 pro
927 3203 1003 3287 quid
1023 3212 1118 3288 queat
1140 3226 1205 3268 esse
1235 3203 1274 3284 ,iu

136 3305 250 3388 quinto
279 3305 370 3388 libro}
406 3313 500 3390 poeta
529 3305 563 3371 in
592 3306 693 3390 primo
723 3306 799 3390 quid
822 3305 929 3390 possit
965 3307 1046 3370 oriri
1080 3306 1273 3391 scripsisset.

136 3409 209 3474 lam
240 3427 315 3475 vero
345 3427 552 3491 quaeremus,
588 3427 663 3476 num
697 3415 785 3474 certa
811 3408 1068 3493 interpolationis
1097 3409 1191 3494 signu
1219 3429 1277 3475 ex-

135 3517 237 3576 stent.

619 3616 643 3695 1,
672 3619 744 3679 sos.
772 3619 803 3679 o.

228 3715 307 3782 lude
329 3738 349 3782 o
373 3736 468 3784 versu
490 3718 520 3796 I,
548 3721 611 3782 592
633 3718 668 3782 in
690 3717 852 3784 codicibus
875 3717 954 3783 baec
977 3719 1144 3800 leguntur:

553 3843 627 3886 num
648 3821 678 3884 si
693 3821 872 3904 primordio
894 3841 999 3884 rerum

286 3923 472 3988 commutari
491 3922 599 4008 aliqua
618 3932 746 4006 posceret
767 3924 889 3987 ratione
912 3923 1038 3993 revicta.

285 4025 437 4090 itrcertum
460 4047 580 4111 quoque
601 4025 664 4090 r'om
686 4033 804 4090 constet
826 4025 904 4112 quid
919 4026 1022 4109 possit
1044 4026 1133 4102 oriri,

287 4126 363 4212 quid
382 4137 527 4212 nequeat,
539 4127 643 4212 ficita
660 4135 802 4210 potestas
817 4129 948 4213 doctique
963 4128 1073 4213 cuique

286 4253 422 4314 quonam
443 4232 485 4296 sil
506 4232 627 4296 rollone
642 4239 735 4314 atque
750 4231 813 4294 alte
837 4231 986 4295 terminus
1007 4229 1147 4308 caerem,

1055 4352 1069 4400 5
