3008 4884
516 392 561 402 -
609 354 692 436 [aut]
739 390 783 402 -
1179 356 1221 418 nu

614 543 686 626 qs.

171 646 337 730 Pergimus
367 645 411 711 ad
441 645 666 729 explicandam
696 645 795 712 aliam
825 665 920 728 quam
944 645 1057 714 Cicero
1084 646 1118 710 in
1144 665 1221 712 cou-

81 748 246 815 stitucndo
276 767 423 816 sermone
450 756 578 816 secutus
609 755 660 816 est
688 749 854 816 rationem.
909 749 943 816 Si
973 749 1058 816 eninr
1088 748 1220 816 verbum

81 852 216 935 aliquod
247 853 281 917 in
310 852 423 936 lingna
455 852 636 934 antiquiore
664 853 747 918 duas
779 851 921 920 habebat
953 850 1216 935 significationes,

81 955 197 1022 Cicero
219 975 317 1039 saepo
339 974 380 1021 cx
401 955 528 1021 duabus
550 975 648 1021 unam
670 955 800 1040 recepit,
826 954 997 1022 dummodo
1011 955 1077 1020 alia
1092 961 1222 1039 praesto

81 1068 172 1124 essct
194 1079 266 1139 vox,
294 1079 378 1140 quac
399 1059 531 1125 alterius
554 1058 693 1125 notionis
715 1078 845 1125 munere
868 1059 1066 1142 fungeretur.

170 1162 284 1244 Itaque
306 1160 495 1227 adverbium
517 1182 683 1245 nusquam,
715 1160 800 1243 quod
829 1162 871 1228 ab
900 1159 990 1226 initio
1018 1159 1066 1226 ita
1095 1157 1222 1225 videtur

81 1284 157 1330 csse
178 1271 376 1350 usurpatum,
409 1270 445 1329 ut
467 1272 532 1330 trcs
554 1264 708 1331 terminos
735 1265 817 1328 uado
839 1264 895 1329 chi
915 1287 974 1348 quo
1003 1263 1037 1328 iu
1060 1282 1095 1329 sc
1118 1259 1221 1328 conti-

82 1375 192 1450 neret,
233 1366 322 1452 apud
351 1367 537 1434 ciceronem
567 1374 599 1433 ct
629 1367 683 1449 qui
714 1386 787 1433 sum
816 1369 916 1434 secuti
947 1375 1022 1435 sunt
1049 1367 1221 1452 scriptores

81 1490 202 1536 aureae
223 1470 339 1537 aetatis
362 1470 534 1554 praecipue
557 1491 653 1535 unam
682 1470 811 1537 retinuit
837 1468 1103 1554 significationem
1133 1470 1221 1533 »πίν-

79 1575 237 1658 qcndwou.
277 1574 356 1656 Legi
371 1579 479 1640 autem
495 1595 649 1659 nusquam
670 1573 932 1658 »nirpcndwoolo«
955 1573 1042 1658 apud
1059 1573 1156 1641 Corn.
1174 1574 1216 1653 11,

83 1679 115 1754 2,
127 1678 146 1740 3
158 1697 311 1760 nunquam
322 1685 458 1755 centum
474 1677 517 1742 ci.
529 1695 613 1760 quac
623 1675 1221 1761 practereacongcssitexemplaHaud

80 1779 177 1844 Turs.
194 1779 240 1844 lV
255 1799 329 1863 pag.
342 1782 422 1854 348;
448 1779 532 1846 adde
548 1779 630 1866 Nep.
648 1781 713 1845 Att.
729 1785 759 1861 4,
776 1783 795 1843 2
811 1801 962 1864 nusquam
973 1817 1016 1828 -—
1027 1779 1217 1857 dimittes-ea

82 1882 165 1948 Sall.
183 1881 258 1946 hist.
276 1883 304 1960 1,
322 1884 374 1958 48,
393 1886 413 1946 6
435 1904 588 1967 nusquam
602 1920 645 1930 -
655 1905 875 1967 proprcasum3
901 1883 977 1949 Hor.
997 1892 1058 1948 sut.
1077 1887 1111 1962 2,
1131 1887 1163 1960 7,
1179 1885 1219 1946 29

81 2007 237 2069 unusquam
259 1993 396 2049 coccias.
436 1985 486 2050 De
508 2007 662 2070 nusquam
684 1986 949 2069 unirpendwollcru
971 1986 1013 2051 cf.
1035 1985 1130 2052 Haud
1153 1987 1175 2050 l.
1195 1986 1215 2050 l.

171 2089 398 2152 Adsimulundr‘
418 2089 515 2154 verbo
538 2089 638 2154 semel
661 2088 773 2155 Cicero
802 2090 848 2155 ita
879 2109 956 2155 usus
979 2096 1038 2168 cst,
1072 2097 1106 2154 ut
1134 2087 1219 2154 idum

82 2192 153 2258 scre
169 2190 376 2274 significaret,
402 2191 488 2274 quod
502 2193 709 2275 comparandi
728 2192 796 2258 inv.
814 2194 840 2268 1,
859 2194 911 2272 28,
929 2194 970 2255 42
994 2191 1095 2255 ciuile
1117 2198 1221 2255 autem

82 2317 122 2358 ex
143 2293 246 2377 specio
268 2293 476 2376 comparabili
502 2302 558 2358 oct
587 2317 626 2358 eo
654 2296 850 2381 corssmnodc
878 2303 971 2379 atquc
1000 2294 1222 2359 adsimuluoda

81 2407 201 2461 notura
231 2397 406 2472 iudicatum
438 2396 523 2462 hanc
551 2397 712 2463 notionem
742 2405 855 2483 postea
883 2397 957 2463 huic
980 2397 1076 2463 verbo
1098 2396 1221 2462 tribuc-

81 2511 159 2566 ruut
173 2499 306 2565 Tacitus
330 2498 383 2580 (oi.
401 2499 548 2582 Draegcr
569 2498 612 2564 ad
633 2520 710 2566 ann.
733 2506 781 2581 15,
798 2501 849 2582 39)
869 2507 901 2566 et
916 2500 1088 2567 Suetonius
1111 2507 1143 2566 et
1164 2499 1221 2565 alii

86 2603 188 2686 (velut
209 2603 334 2684 Vulg.).
381 2601 525 2684 Reliquis
552 2602 700 2668 omuibus
729 2603 818 2688 apud
840 2603 1028 2672 Ciceronem
1058 2603 1137 2668 locis
1158 2621 1222 2666 vox

80 2705 303 2781 aemulandi,
327 2704 420 2770 cuius
442 2724 507 2770 una
521 2704 624 2770 forma
645 2705 846 2770 assimulatus
867 2706 954 2790 apud
976 2705 1066 2771 illurn
1089 2704 1217 2788 legitur,

81 2809 170 2874 idem
194 2806 355 2891 significat
376 2807 462 2890 quod
485 2809 634 2872 simlero
643 2807 772 2893 finperc
798 2810 956 2894 (exempla
978 2807 1051 2874 vide
1073 2808 1107 2873 in
1129 2807 1223 2872 Anti-

82 2913 177 2978 barb.
203 2931 278 2996 pag.
300 2913 359 2975 172
375 2912 454 2993 sq).

178 3014 302 3078 Oruadc'
329 3014 461 3079 verbum
492 3015 533 3079 ab
562 3014 654 3079 initio
682 3015 797 3098 apendc'
823 3036 893 3079 cum
915 3015 1019 3098 aliquo
1041 3036 1104 3096 per
1124 3013 1222 3077 collo·
1277 3019 1281 3032 '

83 3117 193 3202 quium
215 3116 367 3182 habuisse
390 3115 656 3201 significationem
679 3125 820 3198 consum
847 3118 889 3184 ci.
908 3117 995 3184 Fcnt.
1017 3137 1091 3202 pag.
1115 3116 1174 3180 198
1189 3115 1222 3179 ll

83 3241 178 3284 orare
196 3218 342 3304 antiquos
363 3219 478 3284 diut'suc
497 3241 559 3302 pro
581 3242 674 3304 apere
697 3221 871 3285 lealcorom'c
894 3228 950 3297 cst,
976 3221 1062 3305 quod
1082 3228 1223 3284 walcras

83 3323 177 3400 dicti;
203 3320 267 3386 rid.
293 3322 391 3388 ctiam
407 3323 550 3388 Brixium
574 3323 618 3389 ad
640 3323 688 3388 ΡΙ.
708 3323 795 3388 'Prin
820 3327 912 3388 1161.
953 3321 1120 3390 Remausit
1142 3322 1223 3389 hacc

83 3423 277 3510 principalis
298 3425 388 3490 verbi
410 3425 497 3491 notio
518 3426 552 3491 in
575 3427 671 3492 certis
692 3427 816 3508 aliquot
841 3426 986 3492 formulis
1014 3424 1224 3492 iurisconsul-

83 3537 190 3594 torum
212 3527 366 3593 sermouis
389 3528 536 3614 propriis,
563 3530 651 3595 velut
673 3550 802 3594 caccum
824 3551 915 3592 crore
936 3529 1002 3595 Oic.
1021 3527 1150 3606 Quinct.
1171 3528 1220 3605 13,

84 3635 128 3694 49
152 3652 221 3694 eam
248 3635 302 3712 (sc.
327 3633 463 3713 causum)
491 3653 561 3695 cum
583 3632 697 3709 orarit,
731 3633 819 3697 Brut.
842 3635 890 3712 12,
910 3637 950 3696 47
975 3631 1113 3696 manusc
1135 3629 1224 3712 copi-

84 3735 126 3797 tc'a
149 3755 293 3808 cousum3
334 3733 420 3796 litem
450 3753 542 3797 crore
564 3733 618 3799 off.
645 3738 675 3818 3,
706 3741 754 3817 10,
783 3737 822 3797 43
853 3736 990 3800 ororrduc
1013 3734 1080 3798 lu'tr'a
1103 3743 1224 3814 tempus

84 3843 148 3902 etc.
195 3833 286 3912 Quae
316 3835 458 3919 genuina
487 3836 576 3902 verbi
598 3837 649 3903 vis
677 3837 870 3922 perspicitur
900 3837 996 3902 etiam
1026 3837 1059 3901 in
1088 3834 1224 3900 iornrula

84 3961 121 4001 re
144 3939 270 4002 inorata
293 3937 360 4004 Oic.
386 3940 481 4005 Rosc.
507 3940 578 4004 Am.
604 3943 635 4020 9,
663 3944 720 4016 26;
761 3940 803 4006 ci.
828 3941 911 4006 Eun.
936 3945 1020 4022 trag.
1046 3942 1116 4005 ul
1144 3956 1220 4020 pag.

91 4041 173 4105 rull
196 4042 316 4104 cacata
337 4064 372 4104 rc
394 4051 488 4125 atquc
510 4042 652 4117 inorata;
687 4043 833 4108 Ambros.
860 4063 912 4128 up.
932 4046 950 4105 6
974 4062 1004 4106 n.
1028 4047 1040 4104 1
1066 4041 1224 4104 inoratam

85 4183 129 4194 -
152 4165 296 4218 causam
322 4144 448 4210 videtur
469 4151 576 4211 antem
599 4146 679 4212 haec
701 4145 818 4212 locutio
840 4169 874 4208 re
896 4145 1021 4210 inorata
1044 4143 1138 4225 quasi
1160 4143 1227 4207 sol-

84 4246 202 4312 lemnis
225 4247 441 4330 perlongum
465 4249 617 4332 temporis
640 4249 778 4332 spatium
802 4248 971 4314 mansisse.
1019 4247 1108 4314 Haec
1136 4245 1227 4331 prin-
