2982 4884
516 381 560 393 -
608 347 691 428 [aaa]
738 381 782 393 -
1159 348 1221 412 rsa

77 532 237 599 nonnulla
250 531 488 614 interciderant,
514 532 630 617 quibus
645 531 688 601 ad
703 532 907 617 epidicticum
922 532 1101 600 orationum
1117 552 1222 616 genus

76 632 256 718 Dionysius
280 635 416 705 transiit.
463 636 583 702 Locum
605 635 702 720 igitur
716 636 764 704 ita
779 635 846 702 tere
860 635 984 720 expleri
1006 655 1101 720 posse
1123 633 1218 720 puio:

73 729 131 800 Ἐν
153 732 278 823 μὲνδὴ
302 749 373 814 τοῖς
388 737 573 813 δικανικοῖς
591 734 943 826 λόγοις<τοιοῦτός
965 761 1031 813 τις
1054 730 1071 802 δ
1096 730 1216 824 ἀνήρ·

78 837 125 903 ἐν
148 838 193 904 δὲ
222 851 315 917 τοῖς
338 839 673 929 ἐπιδεικτικοῖς)
695 838 948 928 μαλακώτερος,
981 834 1095 926 ὥσπερ
1118 839 1216 927 έφην,

75 941 119 1006 el.
140 962 173 1027 p.
190 945 295 1008 570555
317 949 479 1020 Τοιοῦτος
496 943 560 1027 μὲν
582 941 621 1031 δή
645 967 695 1021 τις
712 941 748 1010 ἐν
763 955 834 1020 τοῖς
850 943 1146 1027 συμβουλευτικοῖς
1162 941 1221 1008 λό-

75 1066 152 1128 γοις
176 1037 193 1110 δ
219 1039 315 1132 ἀνήρ.
349 1044 385 1111 έν
407 1045 444 1112 δὲ
467 1059 538 1124 τοῖς
554 1047 739 1124 δικανικοῖς
760 1045 803 1112 τὰ
825 1047 888 1132 μὲν
906 1041 991 1112 ἀλλα
1015 1044 1108 1113 πάνυ
1126 1039 1222 1133 ἀκρι-

76 1144 141 1233 βὴς
164 1147 223 1211 καὶ
245 1141 422 1235 ἀληθινάς.

619 1319 675 1384 IV.

432 1442 471 1493 In
489 1441 641 1494 indictum
660 1441 699 1494 de
716 1443 864 1494 Isocrate.

167 1559 204 1624 Ρ.
224 1564 330 1624 urens
359 1557 503 1646 Ἀνάγκη
532 1556 831 1647 παραπληρώμασι
854 1560 978 1640 λέξεων
1001 1554 1100 1626 οὐδὲν
1131 1553 1222 1646 ἀφε-

75 1664 211 1728 λοοσιῖν
236 1665 398 1750 χρῆσθαι.
446 1662 521 1728 Non
551 1683 590 1728 ea
619 1663 732 1746 verba,
765 1663 807 1728 ad
837 1683 919 1745 quae
949 1662 1015 1728 alia
1044 1662 1217 1746 adduntur,

73 1765 207 1832 inutilia
230 1773 313 1848 sunt,
340 1766 399 1832 sed
420 1785 624 1832 numerorum
647 1766 880 1850 complementa
902 1765 1023 1831 futtilia
1042 1765 1222 1850 Dionysius

74 1869 213 1936 iudicat.
259 1869 349 1953 Lego
372 1863 499 1955 ἀνάγκη
523 1866 822 1955 παραπληρώμασι
844 1869 968 1947 λέξειαν
991 1861 1090 1936 οὐδὲν
1112 1863 1222 1956 ἀφε-

76 1973 236 2038 λοῦσιν
256 1977 417 2059 χρῆσθαι,
445 1971 486 2038 ef.
511 1992 545 2057 p.
565 1973 634 2036 l8rs
657 1976 707 2049 τίς
731 1965 790 2038 οάκ
814 1967 856 2038 ἀν
879 1976 964 2060 (γαίη
988 1969 1222 2060 παραπληρώ-

74 2099 160 2157 ματι
177 2075 298 2153 λέξειας
315 2069 374 2140 οάκ
391 2069 563 2160 ἀναγκαίῳ
580 2079 872 2162 προσηρανίσθαι;
896 2078 1020 2140 rorans
1037 2076 1223 2162 παραπλη-

76 2175 211 2262 ρώμασι
228 2183 294 2244 τῶν
309 2171 488 2261 ὀνομάτων
510 2172 570 2244 οὐκ
587 2171 782 2262 ἀναγκαίοις
807 2229 814 2242 .
837 2228 842 2240 .
864 2230 870 2243 .
897 2183 1085 2264 χρωμένας.
1129 2181 1221 2244 14055

75 2277 298 2368 προσθήκαις
331 2282 420 2348 τισίν
452 2276 630 2365 ὀνομάτων
663 2333 669 2346 .
699 2333 705 2346 .
735 2332 741 2345 .
776 2281 881 2369 μηδὲν
915 2275 1128 2368 ὠφελούσαις
1161 2278 1223 2348 τὸν

76 2391 161 2450 νοῦν
190 2389 357 2471 χριομένη.
407 2387 532 2449 inuans
569 2381 681 2450 πολλὰ
714 2381 854 2450 τοιαῦτά
885 2381 957 2450 έστι
987 2381 1221 2471 παραπληρώ-

74 2511 170 2570 ματα
208 2481 290 2552 καο’
318 2485 462 2574 ἑκάστην
491 2481 607 2572 ὀλίγου
640 2487 711 2554 δεῖν
744 2486 907 2573 περίοδον
942 2479 1001 2554 oda
1033 2481 1223 2571 ἀναγκαίαν

76 2589 202 2674 ἔχοντα
224 2588 348 2674 χώραν.

165 2713 199 2778 p.
219 2697 324 2759 mass
356 2695 395 2760 In
418 2694 535 2778 Lysiae
557 2714 628 2760 cnm
658 2693 800 2759 Isocrate
829 2693 1067 2777 comparatione
1095 2691 1221 2778 Diony-

74 2796 146 2862 sius
169 2793 264 2862 huius
287 2794 501 2879 eloquentiam
518 2795 666 2882 Polycliti
690 2803 722 2862 et
744 2795 878 2862 Phidiae
900 2795 961 2859 arti
984 2794 1122 2860 similem
1146 2813 1219 2860 csse

75 2899 157 2964 dicit
186 2907 316 2984 propter
344 2899 574 2965 sublimitatem
605 2905 637 2964 et
666 2897 884 2980 maiestatem,
916 2897 1005 2964 illins
1036 2895 1219 2962 facundiam

75 3023 150 3067 cum
175 3001 352 3068 Calamidis
380 3008 413 3067 et
435 3001 625 3068 Callimachi
655 3001 805 3087 operibus
834 2999 1060 3066 conferendam
1090 3007 1222 3084 propter

75 3104 294 3170 urbanitatem
326 3109 357 3169 et
379 3104 589 3170 suavitatem:
623 3095 737 3189 ὥσπερ
768 3100 831 3190 γὰρ
863 3101 1000 3168 ἐκείνων
1030 3100 1061 3167 ol
1091 3101 1155 3183 μὲν
1185 3099 1223 3166 ἐν

75 3220 150 3284 τοῖς
174 3203 329 3272 ἐλάττοσι
358 3207 414 3272 καὶ
445 3201 682 3294 ἀνθρωπικοῖς
712 3204 823 3290 έργοις
853 3203 939 3271 εἰσίν
969 3203 1222 3290 ἐπιτυχέστεροι

75 3318 145 3375 τῶν
168 3308 302 3395 ἑτέρων,
329 3308 361 3376 ol
385 3304 415 3376 δ’
434 3307 471 3376 έν
493 3323 564 3387 τοῖς
586 3309 718 3394 μείζοσι
741 3309 798 3374 καὶ
813 3313 1003 3394 θειοτέροις
1018 3306 1218 3394 δεξιώτεροι,

75 3409 167 3480 οὕτω
191 3413 336 3480 καὶτῶν
359 3411 512 3500 ῥητόρων
534 3407 551 3479 δ
575 3413 638 3496 μὲν
661 3411 698 3479 έν
720 3425 791 3488 τοῖς
813 3423 947 3498 μικροῖς
975 3409 1047 3477 ἔστι
1069 3409 1222 3498 σοφώτε-

76 3539 147 3602 ρος,
176 3509 193 3581 δ
218 3510 250 3581 δ’
270 3515 307 3582 ἐν
327 3528 399 3594 τοῖς
421 3513 582 3603 μεγάλοις
604 3513 853 3602 περιττότερος.
892 3515 999 3581 Verba
1015 3521 1081 3606 τῶν
1097 3513 1223 3601 ἑτέρων

75 3619 221 3704 genuina
242 3639 307 3684 non
329 3639 402 3686 esse
424 3619 509 3685 duae
531 3639 649 3685 causae
664 3619 812 3704 probant.
852 3617 993 3683 Primum
1009 3619 1094 3684 enim
1108 3618 1222 3702 inepta

75 3721 240 3788 sententia
261 3728 311 3788 est
342 3721 402 3800 „Hi
425 3721 459 3786 in
482 3721 655 3788 minoribns
671 3719 867 3787 dexteriores
882 3727 956 3786 sunt
978 3739 1096 3803 quam
1117 3720 1218 3804 illi“‚

76 3845 151 3890 cunr
174 3824 251 3908 quid
275 3825 306 3891 ci
328 3825 391 3910 ipsi
412 3823 454 3908 (οί
469 3823 587 3911 ἕτεροι)
614 3825 776 3910 proprium
793 3823 944 3908 habeant,
966 3823 1105 3890 secundo
1120 3843 1224 3890 mem-

76 3929 137 3994 bro
171 3927 292 3994 diserte
325 3927 514 4013 explicetur.
569 3927 702 3994 Deinde
728 3929 941 3996 membrorum
975 3926 1223 3994 accuratissima

76 4029 247 4115 responsio
277 4031 376 4098 verba
404 4035 470 4096 τῶν
493 4028 617 4116 ἑτέρων
644 4030 755 4115 spuria
784 4049 857 4098 esse
886 4028 1009 4113 arguit3
1042 4049 1117 4096 nam
1148 4049 1221 4095 eum

78 4137 232 4216 quattuor
253 4133 397 4202 membra
419 4131 493 4214 sint,
520 4151 653 4214 quorum
669 4132 746 4198 bina
761 4132 846 4199 binis
862 4130 1108 4217 comparationis
1123 4151 1225 4200 cansa

84 4228 210 4320 (ὥσπερ
236 4271 273 4286 -
300 4229 415 4319 οὕτως]
443 4241 655 4321 opponuntur,
681 4235 770 4302 etin
798 4237 893 4304 trium
923 4235 1136 4304 membrorum
1158 4234 1223 4304 line
