2982 4884
536 419 578 434 -
626 381 710 470 [sn]
758 419 802 434 -ι
1217 383 1235 450 s

99 575 273 640 Krebsiani
297 576 447 659 editione,
473 595 569 659 quam
585 576 778 662 Allgayerns
798 575 930 658 curavit,
956 574 1045 641 hand
1060 593 1163 659 pauca
1177 574 1237 670 ed-

98 679 177 744 dere
199 679 298 745 licuit.

188 784 266 849 Cum
297 790 405 848 autem
427 783 490 847 iam
514 783 772 868 perscripsissem
795 783 880 848 bunc
907 781 1069 858 libellum,
1094 781 1235 848 oblatum

98 885 178 950 mihi
208 893 258 951 est
286 887 435 952 volumen
465 887 554 970 prius
591 895 733 950 actorum
767 885 930 948 sarcinarii
955 884 1144 970 pbitotopiei
1171 887 1237 950 Er-

97 989 258 1073 tanpensn
283 991 325 1054 ab
346 990 373 1056 1.
399 990 554 1055 Muellero
576 997 609 1055 et
630 989 668 1053 Ε.
694 987 877 1054 Woelfflino
908 988 1076 1054 editorum.
1124 988 1174 1052 Ex
1195 989 1236 1054 iis

97 1111 182 1174 quae
212 1092 245 1157 in
267 1093 328 1158 hoc
349 1093 511 1158 volumine
541 1092 743 1158 continentur
772 1092 997 1176 scriptionibus
1026 1091 1068 1157 ad
1099 1093 1237 1158 similem

95 1203 197 1278 atque
219 1216 280 1279 ego
302 1196 439 1262 tractavi
460 1195 626 1262 materiam
653 1195 791 1280 pertinet
819 1195 959 1279 diligens
981 1196 1022 1260 H.
1048 1195 1236 1262 Hellmutbii

95 1299 325 1365 commentatio
360 1301 399 1362 de
427 1298 579 1363 sermonis
605 1299 871 1382 proprietatibus,
910 1321 988 1382 quae
1017 1299 1051 1361 in
1076 1299 1237 1382 prioribus

98 1402 263 1466 Ciceronis
292 1402 483 1466 orationibus
512 1402 714 1465 inveniantur
748 1402 780 1485 (l.
811 1401 834 1465 l.
867 1421 941 1486 pag.
972 1403 1026 1463 101
1044 1405 1170 1486 -174)
1205 1409 1238 1467 et

95 1511 270 1570 accuratus
292 1507 331 1568 A.
358 1504 510 1570 Koehteri
533 1504 662 1570 libellus
691 1505 729 1568 dc
751 1512 914 1568 auctorum
937 1503 1013 1567 betti
1033 1504 1186 1589 Africani
1207 1511 1238 1567 et

96 1606 176 1670 betti
204 1606 428 1690 Hispaniensis
465 1607 623 1672 latinitate
660 1609 743 1692 (pag.
770 1609 832 1670 367
848 1643 890 1654 -
905 1609 996 1690 471).
1042 1608 1118 1672 Post
1146 1608 1238 1672 Hell-

96 1709 256 1774 mutbium
293 1709 428 1776 eandem
465 1709 633 1775 materiam
670 1709 858 1776 retractavit
897 1708 937 1774 G.
977 1709 1159 1792 Landgraf,
1200 1712 1238 1772 de

99 1812 263 1877 Ciceronis
291 1813 462 1877 elocutione
496 1815 529 1876 in
559 1812 753 1877 orationibus
782 1834 845 1897 pro
873 1815 914 1876 P.
944 1813 1089 1882 Quinctio
1118 1821 1149 1875 et
1175 1835 1238 1896 pro

93 1920 172 1982 Sea.
198 1916 314 1981 Roscio
338 1916 489 1980 Amerino
512 1917 696 2000 conspicua,
721 1917 768 1981 ita
789 1922 914 1994 tamen,
941 1923 976 1980 ut
998 1915 1082 1982 intra
1104 1916 1239 1981 artiores

94 2039 171 2086 sese
194 2021 370 2086 contineret
391 2019 483 2085 tinas.
532 2019 685 2101 Reliquos
713 2020 830 2103 quibus
859 2037 937 2084 usus
966 2037 1036 2084 sum
1060 2019 1158 2085 libros
1180 2039 1238 2085 suo

92 2143 256 2206 quemque
279 2123 348 2188 loco
370 2123 553 2188 nominabo.

186 2227 308 2307 Restat,
341 2233 376 2291 nt
402 2245 542 2292 summas
572 2227 694 2309 gratias
723 2246 819 2310 egam
849 2225 1010 2291 Guilelmo
1038 2225 1239 2290 Studemund

91 2329 298 2413 praeceptori
320 2349 404 2408 meo,
430 2329 484 2412 qui
506 2329 593 2394 etin
616 2328 735 2394 scholis
758 2328 962 2411 argentorati
989 2327 1109 2392 habitis
1136 2328 1236 2392 multa

90 2431 139 2497 ad
164 2432 368 2514 quaestiones
391 2451 411 2497 a
434 2451 485 2496 me
507 2437 659 2496 bmtatas
689 2431 883 2515 pertinentia
913 2431 1020 2515 tetigit
1048 2438 1080 2496 et
1109 2431 1141 2495 in
1171 2437 1236 2496 toto

90 2535 159 2600 hoc
182 2534 290 2600 libello
312 2533 507 2618 perficiendo
529 2540 561 2598 et
583 2533 715 2599 consilio
739 2542 771 2600 et
792 2554 826 2600 rc
847 2554 899 2600 me
913 2533 1051 2618 adiuvit,
1075 2540 1107 2600 et
1123 2535 1238 2600 Garoto

89 2637 250 2703 Eduardo
280 2637 424 2720 Georges
454 2635 753 2720 lexicographorum
788 2637 943 2722 principi,
982 2637 1036 2719 qui
1065 2639 1237 2722 praecipue

87 2761 135 2806 ex
152 2739 364 2823 posteriorum
384 2745 524 2806 aetatum
541 2739 749 2824 scriptoribus
764 2741 887 2823 largam
904 2741 1123 2824 exemplorum
1140 2759 1235 2824 sege-

86 2851 159 2909 tem
183 2841 226 2906 ad
248 2842 357 2926 capita
380 2843 444 2908 let
458 2843 502 2908 IV
525 2841 738 2926 pertinentem
762 2842 994 2926 benignissime
1015 2841 1095 2907 mihi
1117 2861 1237 2927 suppe-

86 2946 227 3024 ditavit,
254 2963 313 3010 neo
334 2965 398 3010 non
423 2945 573 3010 Eduardo
594 2945 775 3028 Woelfflin,
808 2945 863 3028 qui
892 2947 1057 3030 complura
1086 2947 1237 3030 exempla

84 3073 110 3115 a
136 3069 174 3114 se
197 3047 333 3113 collecta
357 3067 481 3114 meeum
511 3049 745 3116 communicare
768 3049 879 3114 voluit.
927 3049 1050 3114 Novam
1073 3049 1235 3115 Ciceronis

85 3155 249 3220 librorum
272 3149 312 3216 de
335 3151 519 3217 inventione
542 3151 725 3233 editionem,
752 3172 847 3235 qaam
870 3151 1051 3236 nuperrime
1073 3153 1234 3218 Andream

88 3256 251 3322 Weidner
271 3273 403 3320 curasse
426 3254 533 3336 audio,
559 3255 700 3320 nondum
722 3254 800 3320 vidi.

547 3554 712 3658 caput
743 3555 779 3637 Ι.

431 3737 470 3802 Δ.
508 3735 560 3839 Ite
583 3735 769 3804 verborum
793 3737 907 3820 copia.¹

625 3909 695 3992 sr.

209 4029 447 4112 Composita
469 4027 722 4093 adhibentur
743 4048 812 4112 pro
835 4028 1113 4113 simplicibus.
1183 4123 1185 4126 Ι

177 4183 413 4267 Colligentibus
435 4203 475 4248 ex
491 4181 660 4248 Cornificio
683 4186 714 4247 et
737 4203 776 4248 err
798 4183 909 4266 primis
925 4182 1086 4249 Ciceronis
1102 4185 1229 4270 scriptis

75 4289 249 4360 vocabula
273 4307 327 4367 ea,
354 4286 469 4370 quibus
499 4293 611 4369 postea
635 4284 746 4351 Cicero
774 4293 806 4350 et
835 4287 888 4368 qui
917 4307 989 4353 eurn
1021 4289 1120 4353 secuti
1154 4299 1229 4356 sunt

989 4407 1020 4458 1*
