3034 4896
585 357 801 417 ..15-

127 557 227 604 causa
249 539 358 623 aliqua
378 541 502 607 ratione
524 548 648 607 mutata
669 543 746 625 siut,
773 543 815 609 de
837 545 954 610 lectore
982 545 1039 610 illo
1068 545 1259 630 philosopho

125 649 253 708 auctore
276 643 411 728 cogitari
433 665 497 710 non
520 665 625 728 posse.
674 647 715 713 bt
741 647 898 714 babemus
927 669 1023 713 unum
1055 649 1177 730 locum,
1205 649 1259 714 ubi

127 747 428 832 »interpolatorem«
452 755 485 814 et
507 751 696 815 aleatorem«
720 771 785 816 una
806 769 999 834 cognoscere
1017 752 1190 836 possimos,
1214 751 1260 817 ita

126 850 270 933 quidem,
303 859 338 916 ut
365 851 418 917 bic
447 853 535 918 illins
564 852 800 938 interpolatioui
830 875 927 920 uuum
956 875 1082 920 versum
1112 855 1255 921 adderet.

125 953 196 1030 Qua
212 953 252 1019 de
268 975 302 1019 re
317 955 497 1020 accuratius
512 955 596 1021 inira
610 977 715 1041 agam
739 957 792 1022 ubi
809 956 849 1021 de
865 957 1010 1023 versibus
1026 959 1068 1039 ll,
1091 960 1259 1022 toto-22

126 1055 278 1123 iudicium
302 1057 483 1126 iaciendum
509 1061 569 1125 erit
596 1069 659 1146 (pg.
687 1063 727 1124 48
752 1067 849 1144 squ).

663 1377 718 1458 II.

211 1575 261 1639 De
276 1575 323 1641 eis
338 1575 571 1656 iterationibus,
587 1596 672 1658 quae
686 1577 728 1642 ab
744 1575 904 1642 editore
920 1577 1138 1642 carminum
1155 1577 1259 1643 factae

123 1685 207 1756 sont,
235 1679 418 1763 explosituro
440 1679 565 1744 initium
589 1680 781 1764 capiendum
804 1686 854 1746 est
876 1703 896 1746 a
918 1681 987 1745 loco
1010 1680 1088 1746 viris
1110 1681 1211 1746 doctis
1227 1681 1259 1746 in

123 1781 198 1847 crisi
223 1782 485 1848 Lucretiauorum
507 1784 683 1848 carminum
707 1784 843 1849 versatis
867 1783 1043 1848 notissimo.
1091 1784 1129 1848 In
1156 1785 1261 1867 quarti
1297 1825 1300 1834 ,

123 1885 208 1949 euim
232 1884 306 1949 libri
329 1887 489 1970 prooemio
515 1887 660 1952 versibus
691 1891 815 1950 1-25
847 1892 1034 1971 repetuntur
1065 1887 1136 1952 libri
1166 1887 1260 1972 primi

125 2008 236 2054 versus
261 1991 419 2068 att—50,
446 1989 508 2055 uisi
532 1990 615 2072 quod
639 1993 712 2054 oro.
739 1995 780 2054 50

263 2117 265 2122 ·
629 2094 702 2156 dam
720 2091 876 2176 perspicis
898 2115 1017 2156 omnem

297 2202 442 2258 naturam
465 2216 581 2271 reram,
607 2217 668 2280 qna
689 2203 808 2260 eorretet
829 2205 983 2278 compto
992 2195 1107 2279 fiprrro

124 2295 167 2359 ibi
191 2297 238 2361 ita
263 2297 372 2362 mutati
396 2304 484 2362 sunt:

625 2402 698 2464 dum
716 2399 856 2484 percr'pir
879 2421 998 2463 omnem

295 2511 443 2566 naturam
466 2525 572 2567 reram
594 2527 632 2568 ac
649 2503 807 2587 persentis
828 2503 1009 2566 utilitatem.

125 2611 169 2673 Ac
193 2616 280 2674 recte
303 2611 425 2675 monuit
448 2611 673 2676 Lachmanuus
696 2629 736 2674 err
765 2631 806 2675 ea
835 2609 1008 2676 mutatione
1038 2609 1166 2675 elucere
1188 2630 1261 2674 ver-

124 2733 179 2776 sus
201 2733 270 2792 eos,
296 2713 349 2796 qui
371 2713 405 2778 in
427 2721 539 2796 quarto
563 2714 643 2779 libro
666 2719 842 2797 sequuntur
863 2713 896 2776 in
919 2711 1083 2778 codicibus

256 2825 349 2901 atque
371 2817 472 2880 animi
490 2817 636 2902 quoniam
659 2817 751 2880 domi
771 2824 888 2878 actura
910 2816 988 2899 quid
1008 2823 1089 2878 esset

258 2929 289 2984 et
311 2920 422 3005 quibas
444 2944 461 2983 e
482 2921 574 2984 rebus
596 2941 666 2982 cam
688 2933 819 3002 corpore
840 2927 993 3001 compta
1016 2917 1144 3002 ciperet,

123 3023 213 3107 prius
242 3022 379 3108 scriptos
402 3043 474 3089 esse
500 3022 641 3088 exordio.
689 3023 774 3086 Nam
804 3041 875 3086 cum
905 3020 987 3086 baec
1015 3020 1146 3085 mutatio
1174 3020 1261 3084 nullo

125 3128 188 3191 alio
211 3127 347 3192 consilio
370 3126 455 3191 iacta
478 3146 550 3191 esse
573 3125 730 3204 videatur,
757 3145 852 3207 quam
876 3145 916 3189 ue
934 3125 1064 3188 verbum
1081 3131 1204 3206 compta
1227 3123 1259 3187 in

123 3230 210 3296 exitu
227 3229 363 3295 duorum
380 3250 419 3294 ac
435 3249 536 3314 paene
558 3249 594 3294 se
616 3229 840 3312 excipientium
865 3248 1012 3292 versuum
1036 3228 1208 3308 legeretur,
1234 3227 1262 3290 si

124 3333 260 3415 primum
275 3341 369 3416 poeta
380 3333 575 3415 prooemium
588 3332 774 3415 scripsisset
785 3331 817 3394 iu
831 3350 933 3412 eoque
946 3350 1058 3395 versus
1071 3331 1095 3410 1,
1113 3333 1261 3393 926-50

126 3437 320 3521 repetiisset,
348 3455 403 3500 cur
426 3435 570 3500 ultimum
593 3433 704 3498 horum
731 3454 879 3498 versuum
904 3432 1090 3511 mutaverit,
1117 3432 1262 3514 intellegi

127 3540 253 3622 nequit,
285 3539 434 3622 quoniam
461 3545 684 3620 argumentum
710 3537 778 3601 eius
807 3536 903 3600 etiam
934 3543 1046 3619 quarto
1076 3536 1157 3599 libro
1185 3555 1261 3599 cou-

125 3644 290 3708 veuicbat:
318 3643 413 3706 immo
436 3641 612 3707 scormdum
636 3639 716 3704 illud
734 3647 858 3722 compto
873 3639 1042 3703 omisisset.
1085 3639 1154 3703 Huc
1169 3657 1262 3702 acce-

4 3727 5 3760 ³
125 3745 184 3826 dit,
212 3745 299 3828 quod
323 3765 434 3809 versos
458 3749 593 3808 ‘to-tt
622 3743 782 3808 artissime
805 3763 876 3807 oum
901 3741 959 3820 eis,
993 3761 1075 3824 quae
1102 3747 1198 3806 antea
1220 3741 1261 3806 de

125 3850 233 3914 anima
255 3848 493 3932 disputaverat,
519 3846 668 3912 conexuit
695 3851 785 3926 (croac
807 3867 902 3927 opere
921 3845 1069 3928 r'acrpirrm
1088 3845 1154 3918 tibi,
1180 3846 1264 3928 quod

128 3960 282 4015 immutor
304 3949 498 4013 arthocrea
522 3949 661 4024 Attice&
696 3957 791 4030 atque
815 3948 910 4012 ctiam
935 3951 1071 4010 37-41
1104 3947 1145 4010 ad
1168 3967 1261 4011 exor-

126 4053 209 4118 dium
235 4053 321 4118 tertii
345 4053 418 4117 libri
440 4052 630 4137 pertiueut);
655 4051 688 4116 in
712 4051 815 4133 quinti
839 4070 914 4114 vero
937 4050 1009 4114 libri
1031 4050 1192 4133 prooemio
1208 4069 1257 4129 ea,

69 4163 74 4174 '
127 4176 205 4237 quae
222 4157 256 4222 iu
273 4157 354 4221 libro
371 4155 464 4222 tertio
481 4163 513 4221 et
528 4161 642 4236 quarto
657 4153 870 4230 continentur,
895 4159 928 4216 ut
942 4153 1026 4218 inter
1042 4172 1077 4218 se
1093 4152 1263 4216 coniuncta

6 4289 7 4298 κ
128 4267 353 4327 commemorat
374 4265 484 4342 poeta:
