3010 4896
261 249 301 314 18
692 287 733 296 -
781 249 877 335 [114]
922 287 965 298 -

257 444 319 529 μέν
338 439 526 529 συμμάχους
544 436 797 529 ἀποτρέψαντες
818 453 877 532 τῆς
899 439 1041 531 γνώμης,
1065 434 1161 508 αύτοὶ
1185 433 1218 506 δ’
1233 431 1310 506 οὐδ’
1328 437 1399 505 έπι-

256 547 467 638 χειρὴσαντες
491 546 793 631 διαβουλεύσασθαι
815 553 894 637 περὶ
915 546 1082 617 τοιούτων
1107 544 1231 634 torum

347 659 424 724 Xon.
445 659 487 735 ΙΙ,
510 658 540 733 2,
564 658 605 724 19
629 655 807 743 ἐκκλησίαν
831 655 992 745 ἐποίησαν
1016 657 1071 745 (so
1095 653 1128 723 ολ
1151 652 1294 742 έφοροι),
1318 651 1353 718 ἐν
1378 640 1399 736 ᾗ

258 758 436 849 ἀντέλεγον
464 765 643 850 Κορίνθιοι
674 765 731 830 καί
766 765 903 850 θηβαῑοι
934 759 1090 849 μάλιστα,
1121 763 1242 829 πολλοὶ
1274 761 1311 827 δέ
1340 762 1399 826 καὶ

259 867 354 938 άλλοι
376 879 446 937 τῶν
465 863 631 958 Ἑλλήνων
653 862 697 958 μὴ
717 869 922 936 σπένδεσθαι
941 863 1128 958 Ἀθηναίοις
1151 861 1222 935 ἀλλ’
1241 866 1398 953 ἐξαιρεῖν·

258 975 516 1064 Λακεδαιμόνιοι
530 977 576 1043 δὲ
600 969 663 1043 ούκ
687 973 815 1060 έφασαν
837 973 939 1043 πόλιν
957 969 1129 1064 Ἑλληνίδα
1147 967 1400 1060 ἀνδραποδιεῖν,

256 1086 338 1171 μέγα
361 1078 494 1171 ἀγαθὸν
521 1083 736 1170 εἰργασμένην
764 1081 801 1148 έν
824 1095 895 1160 τοῖς
920 1085 1085 1169 μεγίστοις
1111 1077 1282 1158 κινδύνοις
1303 1103 1399 1165 γενο-

257 1191 369 1278 μένοις
387 1201 427 1275 τῇ
445 1184 585 1272 Ἑλλάδι,
609 1183 680 1256 ἀλλ’
699 1189 914 1257 ἐποιοῦντο
938 1186 1097 1277 εἰρήνην
1120 1239 1197 1255 ....
1243 1188 1321 1254 Xen.
1338 1187 1400 1264 ΙΙΙ,

257 1300 287 1378 5,
311 1301 331 1366 8
359 1291 380 1365 ά
406 1297 468 1384 μέν
493 1297 666 1383 μέμφεσθε
692 1290 771 1384 ἡμῖν
798 1297 853 1384 (ευ.
877 1309 947 1376 τοῖς
978 1297 1146 1383 Θηβαίοις)
1175 1288 1221 1373 ὡς
1247 1312 1399 1382 ψηφισα-

255 1405 369 1491 μένων
385 1397 512 1489 χαλεπά
530 1405 608 1491 περὶ
626 1396 721 1489 ὑμῶν
745 1403 786 1470 έν
809 1411 853 1487 τῇ
876 1399 1089 1469 καταλύσει
1111 1409 1182 1469 τοῦ
1204 1401 1399 1486 πολέμου,

257 1506 320 1580 ούκ
348 1505 462 1598 ὀρθῶς
492 1511 678 1597 μέμφεσθε·
712 1503 753 1577 ού
784 1503 846 1598 γάρ
877 1503 897 1598 ἡ
924 1505 1024 1588 πόλις
1056 1508 1167 1576 ἐκεῖνα
1199 1509 1400 1598 ἐψηφίσατο,

257 1612 328 1686 ἀλλ’
350 1615 397 1698 είς
419 1611 502 1706 ἀνὴρ
527 1613 630 1698 εἶπεν,
658 1608 695 1695 ὃς
718 1614 811 1702 ἔτυχε
834 1613 912 1684 τότε
935 1616 973 1683 έν
995 1627 1066 1695 τοῖς
1089 1612 1268 1701 συμμάχοις
1288 1612 1399 1702 καθή-

255 1749 363 1811 μενος.

344 1832 425 1898 Plut.
454 1827 538 1898 ένιοι
566 1831 602 1897 δὲ
628 1832 685 1896 καί
710 1831 921 1917 προτεθῆναί
948 1849 1050 1912 φασιν
1074 1822 1121 1908 ὡς
1147 1821 1283 1917 άληθῶς
1310 1821 1398 1916 ὑπὲρ

258 1932 531 2025 ἀνδραποδισμοῦ
554 1933 688 2024 γνώμην
712 1935 749 2001 έν
771 1949 842 2015 τοῖς
858 1935 1059 2023 συμμάχοις,
1087 1927 1143 2003 ὅτε
1165 1937 1223 2002 καὶ
1244 1929 1307 2003 τὸν
1333 1937 1398 2022 θη-

255 2050 352 2126 βαῖον
369 2037 547 2131 Ἐρίανθον
570 2039 805 2130 εἰσηγήσασθαι
828 2036 868 2108 τὸ
894 2045 956 2129 μὲν
975 2039 1063 2138 Ιάστυ
1085 2039 1309 2128 κατασκάψαι,
1332 2036 1399 2130 τὴν

257 2152 292 2217 δὲ
313 2149 427 2239 χώραν
451 2144 579 2216 ἀνεῖναι
600 2137 802 2237 μηλόβοτον·
832 2147 902 2216 είτα
923 2150 1039 2235 μέντοι
1062 2151 1240 2228 συνουσίας
1260 2149 1397 2234 γενομέ-

255 2281 314 2345 νης
336 2266 406 2324 τοῖν
429 2250 604 2345 ἡγεμόνων
631 2248 722 2342 παρὰ
748 2251 858 2322 πότον
881 2257 937 2321 καί
964 2280 1056 2334 τινος
1082 2256 1229 2334 Φωκέως
1251 2250 1399 2345 ᾄσαντος

256 2362 294 2429 έκ
316 2373 374 2451 τῆς
393 2357 579 2448 Εὐριπίδου
601 2355 771 2448 Ἠλέκτρας
793 2354 855 2449 τὴν
881 2359 1034 2449 πάροδον
1058 2415 1065 2428 .
1086 2415 1092 2428 .
1113 2415 1120 2428 .
1141 2415 1148 2430 .
1172 2357 1301 2440 πάντας
1324 2360 1398 2427 έπε-
1496 2431 1497 2448 ,

255 2475 444 2557 κλασθῆναι
475 2472 532 2535 καί
560 2478 707 2558 φανῆναι
735 2469 886 2554 σχέτλιον
919 2465 1017 2556 ἔργον
1047 2461 1111 2557 τὴν
1138 2460 1246 2546 οὕτως
1274 2461 1398 2534 εύκλεᾶ

255 2578 312 2642 καὶ
343 2572 519 2654 τοιούτους
551 2570 674 2664 άνδρας
705 2575 876 2662 φέρουσαν
905 2568 1036 2644 ἀνελεῖν
1067 2579 1124 2642 καὶ
1156 2572 1397 2662 διεργάσασθαι
1496 2579 1497 2600 ί

254 2678 366 2749 πόλιν.
768 2676 772 2684 ’

344 2790 420 2855 lust.
439 2811 521 2872 quoe
539 2791 594 2876 (sc
611 2789 697 2878 pax)
721 2812 765 2856 on
783 2791 858 2856 dori
880 2790 1008 2869 deberet,
1033 2790 1091 2855 ocu
1112 2790 1195 2854 iuter
1211 2787 1397 2870 Spartanos

255 2898 414 2979 sociosque
445 2897 659 2962 deliberatum.
727 2895 805 2962 (ίαια
834 2897 928 2963 multi
958 2897 1125 2962 detectum
1156 2895 1397 2962 Atheniensium
1496 2883 1497 2932 ff

254 3025 366 3068 nomon
396 3005 564 3088 urbemque
593 3005 737 3070 inccndio
765 3005 1006 3070 consumendam
1033 3009 1203 3082 censerent,
1235 3007 1396 3087 necarunt
1496 2997 1497 3086 ,

254 3131 286 3176 oc
307 3110 464 3192 Spartani
486 3132 524 3174 cn
546 3112 668 3176 duobus
692 3109 848 3178 G-roecicn
870 3111 970 3178 ocutis
992 3111 1127 3178 atterum
1148 3113 1302 3176 eruturus.
1312 3109 1339 3196 ¹)

256 3258 397 3274 ›p-..-T
429 3257 467 3264 -..

344 3325 364 3392 ¹)
383 3323 506 3378 Eundem
529 3322 681 3378 contionem
709 3330 921 3380 commemorant
944 3325 1089 3390 Isocrateo,
1113 3323 1325 3390 Demosthenes,
1349 3323 1395 3378 Ps.
1496 3331 1497 3340 ¹

255 3411 414 3478 Aeschines,
434 3417 529 3466 auctor
543 3412 617 3480 apud
632 3412 754 3480 διάδοσις
775 3429 828 3481 quo
842 3419 933 3467 temen
944 3419 1066 3482 tempore
1080 3411 1173 3478 fuerit,
1188 3411 1298 3467 silentio
1311 3427 1395 3480 prae-

254 3506 372 3556 tercunt.
409 3501 491 3555 Isocr.
511 3499 570 3565 XV,
589 3501 623 3554 31
648 3495 681 3554 οὗ
700 3495 935 3570 δυστυχησάντων
956 3493 1035 3568 ύμιῦν
1057 3494 1139 3566 μόνοι
1162 3502 1220 3553 τῶν
1238 3495 1396 3570 συμμάχων

253 3593 299 3656 (sc.
315 3585 342 3644 ot
359 3591 486 3661 θηβαῖοι)
505 3581 608 3643 ἔθεντο
622 3583 673 3657 τὴν
686 3593 792 3659 ψῆφον,
813 3583 850 3653 ὡς
866 3583 920 3660 χρὴ
940 3584 991 3658 τήν
1009 3607 1040 3643 τε
1055 3583 1138 3642 πάλιν
1153 3583 1394 3658 ἐξανδραποδίσα-

254 3681 323 3732 σθαι
338 3679 386 3732 καί
400 3672 450 3746 τὴν
462 3672 560 3748 χώραν
573 3672 680 3732 ἀνεῖναι
699 3672 858 3748 μηλόβοτον
872 3665 971 3749 άίσπερ
985 3673 1017 3732 τὸ
1033 3678 1172 3748 Κρισαῖον
1185 3677 1294 3745 πεδίονς
1312 3677 1394 3732 Dum.
1496 3711 1497 3716 κ

254 3767 374 3832 xlx,sso
392 3760 463 3820 ἀλλὰ
481 3761 537 3834 μὴν
556 3755 599 3820 δτι
617 3762 669 3835 τὴν
687 3764 818 3822 ἐναντίαν
835 3765 906 3822 ποτέ
924 3768 1056 3838 Θηβαίοις
1073 3769 1173 3835 ψῆφον
1191 3757 1294 3821 ἔθεντο
1313 3756 1393 3820 οὗτοι

254 3869 300 3923 [ευ.
329 3851 356 3910 σί
387 3857 508 3923 Φωκεῖς)
536 3857 602 3926 περί
629 3849 709 3924 ἡμῶν
735 3849 809 3927 ὑπὲρ
835 3851 1065 3927 ἀνδραποδισμοῦ
1093 3856 1287 3925 προτεθεῖσαν
1313 3847 1395 3922 δμῶε

254 3937 346 4014 έγωγε
365 3938 461 3998 ἀκούω
481 3939 602 3997 πάντων.
628 3941 662 3997 cf.
677 3943 799 3998 eiusdem
818 3943 948 4000 orationis
967 3949 982 4009 ξ
1000 3945 1041 3999 66.
1085 3942 1211 4012 [Aescu]
1231 3958 1274 4012 ep.
1291 3943 1339 4009 XI,
1360 3944 1394 3998 13

253 4027 323 4087 άλλά
342 4033 390 4086 καί
409 4027 517 4087 τούτων
535 4035 677 4102 φθονοῦσι
697 4026 833 4102 πράττειν
850 4024 868 4086 ά
888 4035 933 4087 δεῖ
947 4028 1138 4103 βουλομένοις,
1158 4024 1212 4095 έοις
1230 4023 1265 4086 άν
1283 4028 1317 4087 τὸ
1340 4034 1394 4101 Θη-

252 4121 342 4191 βαίων
361 4115 583 4175 πολιτεύσονται
602 4123 771 4188 πολίτευμα,
795 4116 956 4192 μηλόβοτον
974 4116 1054 4189 ὑμῶν
1071 4117 1208 4191 γενέσθαι
1227 4115 1278 4187 τὴν
1294 4114 1395 4190 χώραν

252 4202 301 4263 καί
315 4206 601 4280 κατασκαφῆναέτῆν
614 4205 697 4265 πάλιν
709 4205 930 4280 ἀναγκάσαντες.
959 4209 1033 4266 snio.
1049 4226 1069 4264 s.
1084 4227 1109 4264 τ.
1122 4202 1281 4279 μηλόβοτυς
1297 4204 1393 4278 χώρας

250 4297 461 4372 βουλευομένου
481 4297 510 4352 δέ
529 4303 577 4368 (sc.
595 4302 646 4354 τοῦ
661 4299 808 4369 συνεδρίου
826 4303 877 4353 τοῦ
895 4302 953 4353 τῶν
968 4294 1141 4368 συμμάχων),
1161 4286 1239 4361 δ’πως
1256 4300 1291 4368 τῇ
1310 4294 1392 4355 πόλει
