3010 4896
306 266 347 329 ιε
826 267 922 349 [roa]
970 303 1011 312 -

303 447 423 527 indicet
450 462 513 526 iam
536 466 604 524 tum
627 460 762 528 discidia
784 461 840 524 illa
862 460 946 525 inter
964 459 1283 525 Lacedaemoniorum
1306 481 1396 542 reges
1419 466 1447 523 et

303 567 500 651 Llflassdfflffl
536 567 661 630 initium
699 569 830 649 cepisse,
871 587 952 650 quae
988 588 1059 631 mea
1094 565 1252 630 sententia
1286 566 1448 650 Lysandro
1493 615 1494 634 ,

303 673 451 758 Spartam
478 693 602 737 reverso
630 673 756 737 demum
784 678 895 738 exorta
921 679 1004 738 sunt.
1050 672 1162 754 ltaque
1191 671 1252 736 hoc
1279 673 1447 736 tenendum
1493 689 1494 762 j

304 801 373 844 esse
392 800 512 856 censeo,
536 799 593 844 nec
615 800 692 862 pace
711 779 805 844 semel
829 783 959 862 accepta
981 778 1046 842 ullo
1069 779 1162 843 modo
1180 778 1321 842 futurum
1344 777 1449 855 fuisse,
1493 791 1494 796 ’

304 893 340 951 ut
363 886 539 950 lenirentur
557 887 765 962 condiciones,
782 905 841 950 nec
863 886 903 950 de
924 884 1079 950 leniendis
1098 906 1193 951 sanae
1211 886 1326 951 mentis
1348 886 1450 952 horni-
1493 903 1494 972 ἦ

223 1067 225 1072 ,
306 1013 377 1058 nem
401 993 541 1074 cogitare
564 993 712 1074 potuisse.

392 1099 562 1163 Praeterea
593 1099 651 1162 tali
682 1099 800 1163 rationi
836 1119 942 1162 rerum
972 1098 1222 1163 ordinandarum
1253 1099 1350 1165 verba
1383 1101 1450 1184 ipsa
1493 1107 1494 1178 ἴ

301 1204 416 1288 Lysiae
439 1204 575 1270 obstant.
613 1204 767 1269 Everbis
791 1205 874 1268 enim
897 1195 960 1268 οὐκ
981 1199 1109 1285 ἔφασαν
1129 1203 1320 1290 ἐπιτρέψειν
1343 1215 1450 1272 ταῦτα
1493 1189 1494 1218 ³

302 1305 462 1394 γενέσθαι
481 1361 487 1373 .
504 1359 510 1374 .
526 1359 557 1374 ..
579 1301 665 1390 οὐδ’,
684 1301 730 1387 ὥς
749 1311 831 1391 φασί
849 1332 948 1389 τινες,
967 1303 1029 1374 οὐκ
1050 1309 1295 1396 ἐπιθυμοῦντες
1313 1309 1450 1400 εἰρήνην
1493 1351 1494 1364 ι

301 1416 490 1500 γίγνεσθαι,
518 1407 602 1480 α’λλὰ
628 1412 829 1499 βουλόμενοι
855 1417 976 1496 βελτίω
1003 1413 1125 1502 ταύτης
1152 1413 1286 1504 εἰρήνην
1309 1415 1450 1504 ποιήσα-
1493 1461 1494 1508 ;

304 1526 398 1586 σθαι·
423 1517 577 1606 ἐνόμιζον
601 1522 636 1588 δὲ
661 1517 866 1607 δυνήσεσθαι
889 1524 946 1587 καὶ
968 1518 1115 1607 ἔπραξαν
1139 1516 1181 1588 ἂν
1204 1531 1324 1602 ταῦτα,
1352 1524 1384 1588 εἰ
1406 1516 1446 1608 μὶ

303 1619 361 1694 ὑπ’
380 1620 557 1714 Ἀγοράτου
577 1628 718 1693 τουτουί·
734 1620 914 1693 ἀπώλοντο
934 1629 1035 1715 (XIII,
1053 1631 1102 1705 15,
1120 1629 1174 1715 16)
1194 1631 1271 1695 satis
1291 1631 1396 1696 elucet
1415 1654 1451 1696 eo
1493 1619 1494 1714 t

302 1741 445 1819 tempore
463 1735 602 1799 nondum
620 1755 730 1817 paoem
748 1735 865 1800 factam
883 1735 988 1811 luisse,
1011 1757 1081 1800 cum
1100 1736 1134 1801 id
1157 1738 1260 1820 ipsum
1279 1737 1450 1821 prohibere

303 1841 481 1917 studerent,
517 1841 683 1924 quominus
720 1863 782 1923 pax
818 1841 1064 1907 concluderetur.
1120 1843 1284 1910 Rennerus
1321 1845 1451 1926 quidem
1493 1855 1494 1866 ¹

302 1971 332 2031 p.
358 1948 408 2023 16,
435 1967 474 2011 ne
498 1946 577 2011 haec
598 1947 695 2012 verba
718 1947 853 2045 obstent,
880 1949 926 2011 ita
949 1948 1078 2030 expedit
1099 1969 1175 2024 rem,
1202 1955 1238 2013 ut
1265 1949 1364 2014 verba
1389 1943 1451 2015 cdx

303 2049 433 2136 ἔφασαν
451 2073 551 2136 usque
569 2052 610 2117 ad
634 2049 768 2139 εἰρήνην
786 2049 994 2138 ποιήσασθαι
1017 2055 1059 2118 ad
1077 2075 1235 2119 sermones
1254 2054 1451 2120 Theramene

303 2179 428 2224 reverso
445 2157 581 2234 habites,
604 2159 637 2221 in
656 2158 770 2240 quibus
789 2158 1053 2226 Lacedaemonios
1072 2161 1156 2243 ipsos
1174 2165 1270 2226 antea
1288 2162 1452 2226 meliorem

301 2285 411 2348 pacem
434 2265 632 2348 proposuisse
656 2265 907 2341 recordarentur,
929 2265 1061 2342 referat,
1089 2267 1193 2332 verbis
1217 2267 1290 2331 inde
1313 2289 1451 2350 sequen·
1493 2325 1494 2330 ,

304 2369 389 2436 tibus
412 2391 493 2452 quae
515 2376 587 2452 post
609 2392 718 2453 pacem
741 2377 902 2456 acceptam
925 2371 972 2435 illi
994 2373 1097 2437 moliti
1116 2379 1220 2438 essent
1239 2411 1280 2421 -
1299 2395 1339 2438 ac
1357 2373 1452 2438 facile

301 2474 472 2558 perfecturi
496 2476 630 2541 fuissent
654 2515 694 2524 —-
714 2478 849 2542 indicari
872 2484 1006 2544 censeat.
1053 2478 1095 2543 At
1119 2499 1237 2555 vereor,
1259 2501 1299 2544 ne
1321 2479 1451 2545 Renne-

301 2603 355 2648 ms
387 2581 499 2664 Lysiae
530 2583 627 2647 verba
658 2605 722 2648 non
754 2590 821 2648 tam
853 2584 1082 2667 interpretetur
1112 2607 1207 2668 quam
1239 2587 1280 2650 ad
1311 2586 1452 2652 alienam

301 2688 490 2752 sententiam
518 2689 674 2753 detrahat
726 2691 882 2768 Quoniam
913 2692 997 2755 enim
1030 2713 1069 2756 no
1101 2713 1164 2756 uno
1196 2691 1324 2775 quidem
1353 2691 1451 2757 verbo

300 2814 412 2878 pacem
435 2793 613 2859 conclusam
633 2816 699 2860 esse
718 2803 942 2862 commemorat
960 2797 1080 2881 Lysias,
1098 2798 1261 2878 Rennems
1280 2798 1307 2862 si
1330 2798 1452 2862 iudicio

302 2902 426 2983 integro
455 2921 494 2965 ac
515 2900 616 2965 libero
641 2923 715 2966 usus
739 2907 834 2979 esset,
861 2904 914 2966 vix
936 2905 1113 2988 posteriora
1134 2903 1232 2968 verba
1258 2905 1300 2968 ad
1323 2910 1452 2988 tempus

301 3012 374 3088 post
396 3027 506 3088 paoem
530 3013 691 3090 acceptam
714 3009 899 3073 rettulisset.

390 3112 481 3189 Quod
507 3119 613 3178 autem
641 3114 859 3196 gravissimum
886 3122 948 3192 est,
979 3115 1083 3181 verbis
1111 3115 1314 3198 sequentibus
1347 3109 1452 3198 γνοὺς

302 3216 337 3282 δὲ
365 3224 470 3282 ταῦτα
501 3217 693 3305 θηραμένης
725 3221 782 3284 καί
813 3217 844 3284 ot
878 3213 973 3286 ἄλλοι
1002 3218 1035 3286 οἱ
1067 3216 1343 3302 ἐπιβουλεύοντες
1371 3215 1451 3306 ὑμῖν

302 3374 392 3388 ....
418 3321 560 3402 εἵλοντο,
587 3323 688 3410 πρίν,
708 3317 779 3412 τὴν
808 3325 1020 3413 ἐκκλησίαν
1044 3319 1114 3413 τὴν
1137 3329 1228 3412 περὶ
1254 3334 1320 3413 τῆς
1345 3325 1452 3414 εἰρή-

301 3452 369 3515 νης
391 3429 596 3513 γενέσθαι,
619 3427 762 3508 τούτους
784 3440 924 3518 πρῶτον
944 3432 989 3510 είς
1014 3425 1170 3513 διαβολὰς
1188 3435 1245 3498 καὶ
1267 3429 1452 3510 κινδύνους

300 3543 505 3622 καταστῆσαι
533 3536 639 3621 (ΧΠΙ,
669 3538 724 3622 17)
757 3538 866 3622 Lysias
898 3545 1008 3624 aperte
1040 3541 1130 3615 dicit,
1163 3540 1246 3604 viros
1277 3541 1452 3622 populares

300 3648 375 3707 aute
402 3664 510 3727 pacem
538 3649 699 3726 acceptam
726 3650 834 3728 captos
862 3667 942 3722 esse,
974 3667 1045 3712 cum
1072 3646 1118 3709 illi
1152 3653 1225 3729 post
1255 3667 1367 3729 pacem
1395 3668 1450 3711 ac·

301 3753 424 3832 ceptam
448 3750 482 3814 id
504 3749 624 3814 factum
647 3751 752 3815 velint.

389 3854 472 3919 Nam
503 3853 650 3920 Scheibio
678 3856 724 3940 (p;
749 3855 827 3942 165)
855 3857 945 3922 nulla
976 3855 1054 3922 fides
1087 3857 1247 3933 habenda,
1278 3857 1333 3940 qui
1367 3857 1452 3923 hanc

300 3961 478 4026 contionem
506 3962 545 4026 de
571 3982 649 4044 pace
675 3962 819 4026 habitam
841 3984 905 4026 non
929 3963 1084 4028 diversam
1112 3968 1205 4046 putat
1231 3983 1299 4028 esse
1322 3963 1364 4028 ab
1393 3965 1452 4028 illa

300 4068 457 4152 περὶτῆς
480 4057 650 4144 πολιτείας
677 4068 802 4144 habita,
829 4090 910 4153 quae
937 4070 1001 4133 iam
1028 4076 1194 4152 praesente
1217 4069 1383 4152 Lysandro
1408 4072 1450 4135 ad

300 4173 434 4257 triginta
455 4175 539 4238 viros
563 4175 773 4240 instituendos
797 4183 968 4242 convocata
986 4181 1034 4242 est
1057 4176 1144 4262 (XII,
1164 4177 1230 4262 72).
1268 4177 1357 4254 Quae
1379 4169 1451 4260 0'pi-

300 4281 353 4346 nio
381 4281 459 4344 satis
485 4280 568 4344 mira
591 4303 627 4346 eo
649 4282 772 4359 nititur,
800 4285 883 4367 quod
911 4284 951 4348 do
978 4283 1088 4348 eadem
1116 4282 1262 4348 contione
1289 4283 1449 4367 intellegit
