3010 4896
543 269 586 284 -
633 235 729 320 [133]
777 275 819 284 -
1213 237 1255 301 ar

115 437 168 504 est,
197 450 260 513 quo
288 433 431 514 tempore
459 429 516 496 illa
543 451 649 514 pugna
676 432 842 498 commissa
865 431 920 510 sit,
942 453 981 497 ne
1005 435 1107 515 ipsum
1130 432 1257 517 quidem

115 535 315 602 Plutarchum
338 536 493 620 effugisse.
538 535 687 620 Legimus
711 537 850 604 enimin
874 538 958 604 vitae
982 537 1105 604 Camilli
1130 561 1154 606 o.
1180 541 1255 606 XIX

115 633 279 729 lapara
307 641 430 708 ἐνίκων
458 641 495 708 ἐν
519 646 686 728 Σαλαμῖνι
713 651 777 710 τοῦ
805 644 1067 731 Βοηδρομιῶνος
1093 648 1171 732 περὶ
1198 639 1257 724 τὰς

115 745 249 827 εἰκάδας.
296 750 427 816 Maioris
445 751 595 818 momenti
614 757 670 829 est,
693 753 778 835 quod
801 773 890 817 orror
913 751 965 818 illc
983 752 1147 818 Plutarchi
1171 754 1255 819 unde

116 861 202 922 uatus
221 857 263 922 sit
281 857 374 922 laoile
392 856 630 940 intellegitur.¹)
667 859 789 925 Eodem
807 861 890 926 enim
908 858 1079 925 Plutarcho
1099 865 1180 925 teste
1204 861 1256 926 die

115 962 182 1031 XVI
201 966 318 1032 mensis
337 964 550 1030 Munichionis
570 964 611 1030 ob
631 965 795 1031 victoriam
813 965 1018 1048 Salaminiam
1036 966 1256 1034 celebrabatur

115 1070 176 1136 dias
198 1071 309 1138 festus:
333 1063 395 1160 τὴν
416 1072 452 1138 δὲ
470 1069 570 1159 ἕκτην
591 1070 644 1140 ἐπὶ
666 1071 746 1152 δέκα
765 1079 828 1139 τοῦ
847 1077 1081 1157 Μουνιχιῶνος
1097 1065 1255 1160 Ἀρτέμιδι

115 1177 335 1264 καθιέρωσαν,
364 1178 400 1246 ἐν
428 1168 448 1264 ᾗ
475 1192 548 1257 τοῖς
563 1171 694 1267 Ἕλλησι
716 1181 795 1266 περὶ
818 1183 994 1264 Σαλαμῖνα
1017 1188 1158 1246 νικῶσιν
1182 1179 1255 1248 ἐπί-

115 1289 238 1368 lappae
257 1277 277 1372 ἡ
297 1277 380 1365 θεὸς
397 1285 607 1373 πανσέληνος
621 1286 676 1372 (dc
690 1288 730 1370 gl.
742 1286 910 1374 ath.vl1).
944 1286 1063 1354 Eodem
1079 1288 1177 1371 igitur
1195 1289 1255 1366 die,

115 1413 171 1476 quo
194 1392 261 1458 dies
284 1391 384 1460 festus
413 1397 446 1460 in
468 1395 652 1461 memoriam
680 1415 805 1478 pugnae
833 1393 999 1460 institutus
1026 1395 1255 1474 celebrabatur,

115 1519 245 1582 pugnam
262 1500 363 1585 ipsam
377 1503 574 1570 commissam
588 1523 655 1568 esse
674 1504 811 1586 putoria
832 1524 895 1586 quo
914 1501 1042 1579 lactum,
1060 1508 1097 1567 ut
1115 1504 1166 1570 die
1180 1503 1254 1568 XVI

116 1605 319 1674 Iluuichiouis
346 1631 485 1693 pugnam
509 1607 712 1674 Salaminiam
736 1609 932 1676 commissam
956 1630 1023 1674 esse
1046 1610 1254 1677 concluderet

117 1712 175 1778 Nec
204 1716 300 1780 semol
332 1715 485 1782 eiusmodi
517 1737 606 1782 error
638 1715 721 1800 apud
755 1715 960 1782 Plutarchum
995 1715 1167 1794 iuvenitur,
1199 1718 1254 1783 sod

117 1819 218 1886 eadem
240 1822 281 1888 de
303 1844 399 1888 causa
421 1844 544 1908 pugnas
566 1824 649 1908 apud
670 1821 866 1900 Marathona,
885 1823 1041 1900 Plataeae,
1060 1822 1255 1890 Mantineam

118 1925 208 1994 factas
235 1927 323 1996 falsis
347 1930 458 1996 diebus
481 1929 603 1996 tribuit.
612 1931 639 2017 ²)
682 1929 800 2010 Quodsi
827 1930 888 1995 hac
916 1931 949 1996 in
977 1953 1011 1996 re
1039 1932 1157 1996 erravit
1180 1932 1254 1996 Plu-

117 2033 234 2100 tarchus
256 2058 359 2119 neque
381 2058 455 2104 vero
478 2038 561 2104 ratio
585 2037 701 2104 erroris
724 2058 786 2104 nou
816 2037 848 2102 in
872 2044 984 2121 aperto
1008 2043 1069 2115 est,
1097 2039 1173 2122 quid
1203 2041 1254 2116 sit,

118 2143 193 2222 quod
215 2143 300 2209 diem
320 2143 517 2211 Athenarum
539 2144 730 2210 traditarum
753 2144 832 2211 falso
856 2145 1042 2222 narraverit,
1065 2166 1129 2210 non
1153 2147 1253 2222 video,
1310 2125 1315 2137 Ι

119 2271 180 2314 oum
207 2252 359 2318 eiusmodi
387 2274 483 2320 eausa
511 2252 627 2318 erroris
655 2253 812 2336 quomodo
839 2253 880 2318 ad
909 2251 993 2317 diem
1019 2250 1177 2318 nefastum
1199 2254 1254 2318 de-

121 2355 237 2424 ditionis
264 2359 436 2443 pertineat,
463 2359 605 2444 intellegi
632 2364 778 2442 nequeat.
823 2357 923 2424 Immo
946 2359 1009 2424 duo
1036 2357 1092 2424 illa
1114 2357 1199 2426 lacta
1222 2368 1254 2425 et

121 2484 244 2548 puguam
267 2471 300 2532 et
327 2488 437 2550 pacem
459 2466 540 2534 falso
563 2467 627 2534 diei
652 2467 773 2532 tributa
797 2487 877 2544 essa,
905 2488 945 2530 ne
968 2466 1104 2549 speciem
1128 2467 1254 2550 quIdom
1329 2557 1330 2560 Ἴ

121 2569 344 2652 probabiIItatis
375 2573 481 2640 habet.
531 2573 644 2658 Itaque
676 2574 727 2640 die
759 2573 835 2640 XVI
867 2571 1079 2638 Munichionis
1111 2574 1253 2640 Athenas

123 2697 179 2744 esse
203 2680 337 2746 traditas
359 2702 417 2764 pro
441 2687 527 2747 certo
550 2681 732 2748 babendum
755 2686 817 2758 est,
839 2680 899 2746 uisi
923 2699 996 2744 vero
1019 2679 1102 2746 aliae
1125 2681 1254 2747 obstant

123 2805 220 2852 musae
243 2809 281 2853 ex
303 2787 439 2854 ahorum
461 2795 624 2854 auctorum
648 2789 845 2855 testimoniis.
896 2788 983 2866 Quae
1006 2791 1130 2854 tautum
1153 2786 1253 2866 abest,

124 2897 153 2956 ut
172 2915 238 2960 oum
261 2895 435 2961 Plutarcho
457 2901 609 2980 pugnent,
631 2902 668 2960 ut
690 2897 808 2979 optime
832 2916 963 2968 oum,eo
986 2899 1168 2976 congruant.

199 3001 243 3066 ho
265 3003 402 3086 primum
425 3003 551 3088 quidem
574 3001 764 3088 Xenophon,
791 3001 847 3068 ubi
870 3003 910 3070 do
933 3022 1010 3086 paca
1033 2999 1117 3066 lacta
1139 3001 1253 3066 muris-

124 3127 174 3189 que
202 3133 220 3175 a
250 3109 414 3195 Lysandro
439 3111 560 3200 'deletis
588 3111 742 3187 narravit,
773 3110 822 3175 his
850 3108 953 3175 verbis
986 3108 1103 3192 pergit:
1135 3115 1186 3192 τῷ
1220 3101 1253 3174 δ’

126 3210 239 3282 ἐπιόντι
268 3213 335 3282 ἔτει
363 3213 456 3298 ἔδοξε
484 3224 534 3302 τῷ
563 3212 655 3304 δήμῳ
684 3212 867 3304 τριάκοντα
890 3207 1014 3302 ἄνδρας
1039 3211 1174 3282 ἑλέσθαι
1197 3216 1253 3304 (ΙΙ,

125 3320 149 3397 3,
169 3324 194 3388 1.
215 3324 294 3410 2).)
341 3325 468 3390 Annum
491 3330 599 3398 autem
621 3324 885 3412 Xenophonteum
912 3347 933 3390 a
955 3345 1027 3390 vere
1051 3324 1177 3388 initium
1200 3345 1252 3390 ca·

129 3493 321 3506 --—-...--.-.

201 3595 218 3639 ¹⁴1
237 3593 313 3663 Quod
336 3592 494 3662 PoehIIgius
517 3609 545 3662 p.
563 3593 616 3648 29⁷
640 3594 702 3646 adn.
727 3593 762 3647 48
786 3591 830 3646 die
856 3591 921 3646 XVI
944 3589 1130 3645 Muniohlonis
1156 3605 1252 3659 paoem

124 3689 259 3752 acceptam,
278 3682 325 3738 die
344 3698 453 3752 pugnae
467 3680 676 3738 SalaminIensls
695 3681 811 3750 triptota
827 3680 898 3735 vitos
917 3679 1058 3734 institutos
1078 3684 1180 3744 censet,
1200 3694 1253 3747 quo

125 3773 231 3839 tenpore
248 3770 327 3843 pacis
347 3770 522 3828 condiclones
541 3770 624 3840 plane
644 3771 770 3840 expletas
788 3769 875 3826 luisse
894 3773 1027 3834 autumat,
1052 3781 1119 3836 opus
1139 3783 1192 3821 non
1212 3773 1254 3820 est

125 3857 181 3914 talia
197 3859 327 3916 refutare.

198 3947 270 4012 'lot
294 3951 408 4006 Boockh
427 3967 478 4006 aar
499 3950 655 4006 Geschiehte
674 3950 723 4004 der
742 3949 928 4020 Moadcyclca
950 3967 977 4018 p.
997 3947 1031 4004 64
1050 3963 1090 4016 sq.
1132 3944 1254 3998 Koehler

124 4033 370 4111 sambaticam
389 4040 436 4096 des
455 4039 713 4111 orchoeolopischeo
731 4039 862 4094 leuatus
880 4041 911 4093 ιἰι
928 4037 1020 4092 Athea
1039 4036 1059 4100 1,
1079 4051 1105 4104 p.
1125 4035 1185 4088 202.

199 4127 328 4194 ’lverba
347 4145 418 4199 quae
441 4129 570 4199 leguntur
588 4129 623 4195 II,
638 4130 664 4194 2,
678 4129 713 4183 24
734 4133 762 4182 et
780 4130 816 4195 II,
830 4131 855 4195 3,
876 4131 890 4184 1
910 4118 943 4201 (ᾧ
963 4117 997 4196 ἦν
1016 4121 1164 4191 Ὀλυμπιὰς
1182 4153 1217 4162 -
1237 4115 1252 4190 ἡ

124 4205 253 4288 ὀλιγαρχία
276 4209 343 4286 ὦδε)
366 4235 383 4277 ο
407 4218 589 4290 Xenophonte
612 4235 667 4274 non
689 4218 794 4287 scripta
817 4223 893 4283 suut,
916 4217 964 4274 scd
988 4212 1180 4290 iuterpolatori
1205 4210 1253 4272 tri-

124 4299 223 4364 tuenda.
