3010 4896
246 207 265 269 1
348 191 353 198 ’
676 203 947 286 -[104]-

335 399 507 472 Addamus,
535 419 615 482 quae
638 396 750 487 Lysias
776 397 808 460 in
837 396 980 461 oratione
1007 400 1118 458 contra
1144 393 1384 460 Eratosthenem
1486 445 1487 448 ¹

243 506 356 572 habita
379 504 463 585 (XII,
486 503 627 568 43-47.
651 503 797 587 68-16)
821 501 928 578 refert,
951 499 1006 565 ubi
1029 522 1079 566 res
1102 501 1230 584 exponit
1254 501 1314 565 hoc
1336 522 1384 573 or·
1486 494 1487 516 ¹

244 613 332 677 dine:
361 611 436 675 Post
463 610 549 673 illam
577 609 794 693 gravissimam
816 608 937 672 cladem
965 608 1133 690 optimates
1161 607 1315 672 coniurati
1339 603 1384 692 (oi
1486 605 1487 666 ἶ

244 712 446 800 καλούμενοι
474 711 614 800 ἑταῖροι)
642 716 782 797 quinque
809 714 944 798 ephoros
971 713 1191 789 instituerunt,
1218 715 1274 796 qui
1302 713 1385 777 omui
1486 739 1487 806 ζ

244 823 402 888 industria
419 843 487 886 rem
504 821 663 905 publicam
682 829 823 886 evertere
842 821 1007 884 studerent
1026 819 1060 903 (ξ
1079 818 1235 904 43-41).
1267 819 1386 884 Eodem

243 929 310 994 fere
332 934 473 1011 tempore
492 927 702 992 Theramenes
725 927 836 992 urbem
859 948 893 991 se
916 931 1113 990 servaturum
1136 946 1204 990 esse
1227 926 1386 1010 pollicitus
1486 993 1487 998 γ

243 1056 301 1100 suo
323 1033 457 1098 arbitrio
480 1054 550 1097 cum
573 1033 829 1099 Lacedaemoniis
846 1053 946 1114 agere
970 1033 1072 1096 iussus
1095 1038 1156 1108 est,
1183 1033 1238 1096 sed
1263 1036 1386 1096 tantum

244 1140 333 1217 afuit,
355 1144 392 1203 ut
414 1137 508 1202 fidem
530 1145 716 1222 praestaret,
739 1145 775 1203 ut
797 1138 934 1222 patriam
952 1137 1132 1220 turpissime
1154 1137 1304 1220 proderet
1326 1136 1386 1200 La·
1486 1189 1487 1222 y

244 1246 515 1330 cedaemoniisquc
530 1245 729 1326 gravissimas
750 1244 931 1327 imponendi
950 1244 1149 1308 condiciones
1164 1248 1274 1306 auctor
1288 1241 1385 1307 fieret.

244 1353 387 1433 Denique
415 1353 591 1416 contionem
606 1353 701 1434 'prius
728 1349 797 1415 fieri
825 1372 887 1414 uon
914 1371 1026 1432 passus
1054 1356 1115 1425 est,
1142 1369 1236 1431 quam
1264 1357 1387 1431 tempus
1486 1345 1487 1362 ¹

244 1460 369 1523 adesset
392 1479 462 1520 oum
486 1456 629 1522 hostibus
653 1458 873 1532 constitutum,
901 1478 963 1538 quo
987 1456 1167 1520 intermisso
1190 1454 1388 1537 Lysandrum

244 1564 338 1628 Samo
365 1563 534 1627 arcessivit.
584 1563 631 1628 Eo
658 1567 824 1646 praesente
852 1559 957 1627 contio
985 1563 1025 1626 de
1052 1584 1086 1626 ro
1119 1561 1246 1644 pubhca
1277 1561 1387 1624 habit-1

244 1676 300 1745 est,
323 1692 387 1753 qua
409 1668 542 1752 triginta
564 1669 623 1732 viri
647 1674 721 1732 sunt
743 1669 879 1732 iustitut'
906 1669 940 1752 (ξ
963 1668 1119 1753 (is-uo).

333 1775 398 1839 Iam
423 1796 496 1839 vero
520 1775 690 1852 videamus,
713 1781 868 1856 quatenus
896 1774 930 1838 hi
954 1775 1017 1838 duo
1040 1779 1137 1838 testes
1161 1775 1301 1838 intense
1325 1774 1389 1838 dis-

244 1882 390 1946 sentiant
424 1880 485 1957 Qui
503 1902 572 1944 cum
591 1881 692 1944 multa
710 1881 819 1944 codem
844 1881 935 1944 modo
955 1880 1102 1956 referant,
1120 1885 1188 1945 tum
1208 1881 1390 1962 discrepan-

244 1989 308 2051 tiae
326 1992 508 2068 comparent
530 1985 658 2050 minime
676 1986 848 2068 negandae.
884 1984 931 2049 Ac
953 1987 1090 2068 primum
1112 1987 1248 2069 quidem,
1271 1985 1390 2050 utalia
1486 1979 1487 2000 ¹

243 2113 324 2175 quae
351 2091 392 2155 ab
420 2091 575 2184 alterutro
607 2097 730 2154 tantum
759 2098 1042 2156 commemorantur
1074 2091 1270 2167 omittamus,
1303 2093 1389 2174 apud
1486 2162 1487 2184 χ

243 2198 485 2280 Xenophontem
511 2196 560 2260 bis
586 2196 710 2280 legatus
733 2198 873 2261 mittitur
895 2197 1119 2273 Theramenes,
1147 2198 1234 2280 prius
1262 2197 1302 2261 ad
1328 2197 1390 2280 Ly·
1486 2237 1487 2240 =

243 2304 406 2380 sandrum,
438 2303 553 2367 deiude
585 2324 655 2366 cum
686 2324 797 2368 novem
828 2303 900 2368 aliis
932 2304 973 2367 ad
1005 2303 1285 2379 Lacedaemoniun,
1318 2325 1390 2367 cum
1486 2347 1487 2364 1

242 2411 353 2493 Lysias
376 2409 415 2474 de
433 2431 497 2472 una
515 2414 638 2473 tautum
657 2410 697 2473 ad
717 2409 982 2474 Lacedaemonios
1006 2409 1163 2491 legatione
1182 2409 1390 2473 Theramenis

243 2517 398 2598 loquatur.
445 2514 567 2579 Deinde
594 2516 747 2597 postridie
774 2536 869 2596 quam
897 2516 1036 2579 redierat
1058 2514 1268 2579 Theramenes
1290 2515 1390 2580 Lace·

244 2622 409 2696 daemone,
445 2621 531 2703 pacis
563 2621 761 2685 condiciones
793 2627 939 2702 acceptas
971 2642 1038 2684 esse
1069 2619 1245 2702 Xenophon
1277 2629 1390 2685 narrat
1486 2685 1487 2688 ,

243 2727 303 2812 (11,
326 2728 362 2802 2,
384 2725 452 2812 22),
479 2747 549 2790 cum
577 2727 662 2808 apud
685 2726 811 2809 Lysiam
835 2727 941 2810 (11111,
969 2727 1006 2789 11
1032 2728 1091 2809 sq.)
1120 2727 1315 2791 Theramene
1339 2749 1389 2792 rc-

243 2833 332 2908 duce,
358 2832 542 2914 priusquam
564 2833 604 2895 dc
631 2852 708 2914 pace
735 2839 891 2914 ageretur,
919 2832 1052 2896 Athenis
1079 2833 1209 2916 longum
1236 2833 1388 2915 temporis

243 2939 380 3021 spatium
402 2937 614 3002 intercessisse
637 2937 840 3013 inveniamus,
863 2959 926 3020 quo
949 2939 987 3014 ei,
1010 2940 1064 3019 qui
1088 2939 1284 3002 dominatum
1307 2960 1387 3020 pau·
1486 2923 1487 2932 ¹

243 3065 350 3109 corum
369 3042 573 3118 affectabant,
591 3043 722 3108 insidias
737 3044 811 3106 viris
830 3043 1036 3126 popularibus
1055 3043 1218 3126 parabant.
1242 3044 1389 3126 Denique

154 3207 158 3215 .
243 3149 418 3231 Xenophon
443 3149 503 3232 (11,
526 3149 556 3224 3,
579 3149 613 3232 3)
642 3150 774 3230 triginta
807 3150 881 3214 viris
914 3150 1068 3213 institutis
1101 3150 1141 3213 ad
1171 3148 1299 3214 Samum
1333 3171 1389 3232 op-

242 3255 446 3337 pugnandam
468 3253 666 3337 Lysandrum
690 3259 833 3320 avectum
855 3277 932 3331 osse,
956 3261 1066 3319 contra
1089 3255 1199 3338 Lysias
1223 3255 1309 3340 (XII,
1331 3256 1388 3340 11)

241 3361 306 3424 iam
328 3366 423 3424 autea
441 3359 567 3424 Samum
592 3365 804 3443 oppugnatam
828 3382 895 3425 esse
917 3367 1036 3437 narrat,
1059 3362 1142 3425 uude
1161 3361 1323 3444 Lysander
1347 3363 1388 3425 ad

242 3466 376 3548 triginta
398 3467 481 3528 viros
503 3465 714 3530 instituendos
737 3489 757 3530 a
779 3465 973 3531 Theramene
996 3467 1163 3532 arcessitus
1187 3467 1236 3531 sit.

332 3571 416 3648 Quas
448 3571 489 3634 ad
521 3570 748 3653 discrepantias
781 3572 863 3636 inter
895 3594 928 3636 se
961 3572 1172 3637 conciliandas
1204 3572 1259 3636 aiii
1292 3573 1388 3637 aliam

127 3703 132 3712 ·
244 3677 326 3741 viam
344 3675 478 3756 ingressi
491 3681 572 3741 sunt.
601 3677 795 3754 Quaeramus
814 3677 920 3760 igitur,
934 3679 1011 3760 quid
1026 3679 1285 3743 verisimillimum
1299 3679 1388 3744 vidc-

242 3789 329 3859 atur3
356 3802 429 3844 nam
457 3802 523 3845 rem
551 3783 598 3846 ita
620 3787 767 3860 tractare,
794 3789 830 3848 ut
853 3785 954 3848 omnis
976 3784 1136 3848 dubitatio
1164 3785 1303 3861 tollatur,
1332 3807 1390 3849 uec

241 3889 346 3970 potuit
369 3888 535 3971 quisquam
558 3909 616 3953 uec
639 3889 705 3972 ipsc
727 3894 862 3971 postero.
1359 3882 1362 3888 ¹

331 3991 449 4076 Atque,
484 3999 521 4057 ut
553 3994 708 4058 solvamus
743 3996 879 4077 primum
911 3997 1128 4077 quaestionem
1160 3993 1388 4072 difficillimam,

242 4118 304 4181 quo
327 4103 468 4181 tempore
487 4099 563 4163 viris
586 4100 791 4183 popularibus
814 4122 834 4164 a
852 4100 1020 4165 Theocrito
1039 4101 1230 4184 etvhgorato
1254 4101 1388 4166 insidiae

242 4211 373 4290 paratae
404 4205 481 4283 sint,
517 4213 583 4270 tres
616 4211 689 4272 sunt
720 4207 920 4290 potissimum
951 4209 1128 4275 sententiae
1161 4208 1388 4274 examinandae
