3010 4896
529 331 572 340 -
619 293 715 376 [181]
763 331 803 341 .-

637 507 657 585 ξ
680 505 709 568 9.

192 647 296 726 Atque
323 651 359 708 ut
387 646 462 727 quid
491 645 626 711 sentiam
652 646 692 709 dc
715 643 864 711 Suidanis
891 668 930 710 ex
957 645 1108 729 Equitum
1138 642 1246 708 fabula

100 751 259 833 excerptis
281 750 422 815 breuiter
445 751 721 835 comprehendam,
744 749 860 816 Suidae
883 751 1059 834 scripturae
1082 749 1247 832 nequead

100 857 138 920 id
169 858 311 921 codicum
338 877 436 940 genus
464 857 648 922 referendae
676 863 751 922 suut
777 857 861 942 quod
889 857 1011 922 codices
1041 855 1249 920 V-P-Area

103 961 338 1044 complectitur,
369 984 472 1045 ncquc
499 985 569 1027 cum
596 963 782 1028 Rauennate
811 969 883 1028 arta
914 962 1051 1046 quadam
1078 961 1249 1026 cohaerent

103 1068 350 1144 necessitudine,
380 1089 492 1133 uerum
523 1075 655 1152 propter
685 1069 861 1153 complures
889 1069 1062 1151 scripturas
1090 1087 1110 1130 a
1137 1065 1251 1129 ceteris

104 1173 197 1238 libris
223 1195 352 1257 prorsus
367 1175 494 1240 ‘alienas
517 1175 670 1258 singulari
698 1176 823 1240 cuidam
846 1175 989 1240 codicum
1017 1170 1155 1237 familiae
1177 1175 1251 1234 sunt

104 1279 346 1358 adtribucndae,
364 1303 460 1365 aqua
476 1283 574 1347 codex
590 1281 816 1347 Ambrosianus
835 1282 974 1345 omnium
991 1277 1133 1362 proxime
1152 1275 1251 1340 abest

103 1385 203 1451 Certo
225 1387 385 1453 reicienda
407 1395 456 1452 ost
473 1387 629 1452 Dindorfii
653 1388 850 1471 aliorumque
867 1387 1025 1451 sententia
1048 1371 1102 1466 qui
1121 1379 1251 1447 Suidam

104 1513 170 1557 nno
194 1493 377 1575 pluribusne
396 1493 557 1559 codicibus
576 1495 754 1559 Muennati
771 1493 953 1576 Venetoque
976 1488 1142 1556 simillimis
1160 1506 1252 1550 usum

70 1652 74 1656 .
105 1619 177 1663 esse
199 1597 406 1666 arbitrantur.

175 1703 402 1771 Vniuersorum
423 1705 522 1789 igitur
540 1707 762 1792 Aristophanis
780 1703 923 1770 codicum
941 1699 1105 1784 originem,
1127 1695 1254 1779 qualem

105 1811 238 1892 quidem
270 1811 304 1875 in
335 1811 487 1894 Equitum
524 1813 632 1878 fabula
668 1813 846 1896 perspicere
878 1809 967 1883 licet,
998 1805 1059 1870 hoo
1089 1805 1255 1868 stemmate

107 1916 285 1982 illustrasse
307 1917 447 1983 iuuabit:

499 2009 536 2078 la]

211 3549 297 3628 Quae
325 3570 395 3614 cum
419 3549 466 3611 ita
493 3548 570 3621 sint,
598 3545 742 3628 quamuis
770 3541 913 3623 dispersa
935 3543 968 3601 et
996 3532 1172 3598 dilacerata
1195 3519 1267 3584 Ari·

129 3657 285 3737 stophanis
318 3655 496 3736 fragmenta
527 3673 547 3716 a
578 3651 678 3716 Suida
709 3647 917 3712 exhibeantur
954 3649 988 3706 et
1019 3633 1140 3702 Suidae
1171 3628 1271 3707 ipsius

44 3749 46 3775 ³
131 3761 246 3826 codices
280 3761 478 3842 maximeque
509 3757 565 3823 ΒΕ
601 3754 792 3821 foedissimis
822 3745 1013 3832 corruptelis
1045 3745 1274 3840 nonnunquam

133 3867 231 3931 uitiati
253 3868 325 3943 sint,
348 3872 455 3930 tamen
477 3864 603 3929 laudem
626 3861 777 3926 meruisse
798 3857 927 3922 uidetur
941 3847 1049 3914 word,
1072 3833 1277 3942 Ribbeclnus,

135 3973 211 4053 qnod
229 3973 379 4058 Equitum
402 3971 532 4036 editioni
552 3968 668 4034 Suidae
691 3985 815 4049 quoque
839 3963 1017 4044 scripturas
1040 3952 1074 4010 et
1098 3937 1279 4006 adnotabo·

137 4097 187 4140 nes
211 4080 236 4142 si
263 4100 324 4143 non
348 4099 456 4143 omnes
479 4082 514 4140 at
540 4081 625 4139 certe
652 4069 855 4156 grauissimas
883 4051 1091 4137 subscripsit
1139 4039 1182 4104 El
1207 4049 1283 4115 ΡΝ·
1312 4081 1318 4088 ·

205 4239 223 4302 ¹)
239 4237 265 4290 lt
279 4252 303 4291 o.
322 4235 355 4300 is,
375 4249 455 4304 quem
470 4233 570 4288 suidas
589 4209 707 4286 mosum
726 4227 844 4294 uocauit,
864 4223 955 4279 codex
970 4202 1111 4268 undecim
1130 4187 1290 4247 tabularum

144 4323 398 4398 Aristophuncerum.
