2994 4890
545 391 591 404 -
637 357 721 439 11131
768 395 812 406 -
1187 356 1247 418 111

108 535 152 608 οὐ
169 539 208 628 δὴ
225 565 294 608 που
308 540 357 624 μά
372 547 440 607 Δία
457 541 555 608 κοινὰ
577 538 655 610 οὐδὲ
671 545 958 630 καθημαξευμένα
979 556 1050 621 τοῖς
1065 541 1245 631 πρότερον.

107 648 189 710 4721
212 639 321 722 οὐδεὶς
344 652 410 713 τῶν
430 641 583 734 ὕστερον.
630 651 737 714 885111
760 645 835 714 οὔτε
859 660 930 725 τοῖς
950 642 1026 713 κατ’
1046 646 1250 716 ἐκεῖνοντὸν

108 752 188 831 βίον
215 753 409 834 γενομένοις
443 749 711 838 ἐπιτηδευθέντα
739 747 816 818 οὔτε
846 763 917 828 τοῖς
948 745 1100 838 ὕστερον.
1152 756 1248 819 11121

108 845 222 928 οὐδεὶς
243 859 310 918 τῶν
331 851 511 939 πρότερον.
980 867 983 874 ’

196 959 355 1040 11458111
383 957 492 1043 Δηλοῑ
520 956 557 1021 δὲ
585 963 684 1024 τοῦτο
714 960 860 1042 Γοργίας
889 981 924 1023 τε
954 951 972 1022 ό
995 963 1184 1034 Λεοντῖνος
1213 957 1249 1024 ἒν

108 1060 253 1136 πολλοῖς
274 1057 367 1126 πάνυ
390 1057 555 1147 φορτικήν
576 1084 611 1126 τε
634 1060 692 1124 καὶ
713 1056 904 1147 ὑπέρογκον
925 1067 1035 1126 ποιῶν
1063 1059 1124 1148 τὴν
1145 1086 1249 1128 κατα-

106 1161 234 1250 σκευὴν
255 1163 311 1227 καὶ
335 1158 375 1228 οὐ
403 1161 521 1250 πόρρω
553 1160 834 1248 διθυράμβων
862 1171 986 1230 τινιῖιν
1014 1162 1107 1230 ἔνια
1136 1169 1248 1251 φθεγ-

106 1264 263 1350 γόμενος,
289 1266 346 1330 καὶ
367 1273 434 1332 τιῖιν
457 1264 586 1332 ἐκείνου
614 1274 865 1333 συνουσιαστῶν
892 1265 924 1332 ολ
953 1268 1032 1354 περὶ
1054 1265 1250 1351 Λικύμνιόν

109 1391 146 1434 τε
170 1369 228 1432 καὶ
249 1371 373 1434 Πῶλον
395 1369 477 1434 PM:
504 1368 730 1456 διθυράμβων
752 1369 825 1436 ἔνια
840 1371 880 1435 R.
926 1370 1102 1455 Dionysius
1125 1379 1249 1456 spectat

107 1471 152 1537 ad
175 1471 319 1538 Platonis
341 1471 537 1538 in·Phaedro
559 1473 658 1538 verba
673 1469 716 1536 τὰ
730 1479 792 1539 νῦν
806 1471 869 1557 γάρ
888 1466 999 1538 οὐκέτι
1014 1473 1132 1560 πόρρω
1148 1475 1249 1543 διθυ-

106 1573 253 1660 ράμβων
277 1579 476 1661 φθέγγομαι
503 1579 545 1660 (p.
571 1571 674 1658 238⁶).
721 1576 835 1641 Mirum
866 1583 932 1656 est,
959 1576 1044 1661 quod
1074 1584 1107 1642 et
1136 1577 1188 1645 hio
1216 1587 1249 1644 et

109 1701 143 1763 p.
162 1682 250 1758 9711,
278 1679 333 1744 ubi
348 1678 491 1744 Platonis
514 1678 615 1744 verba
635 1679 762 1760 integra
784 1678 966 1758 laudantur,
993 1687 1065 1763 poet
1079 1678 1250 1766 διθυράμ-

107 1785 185 1864 βων
216 1780 334 1864 legitur
363 1787 473 1860 τινῶν,
506 1780 592 1865 quod
613 1782 746 1847 uerbum
769 1801 848 1847 sano
871 1801 968 1847 sensu
990 1789 1089 1848 earet.
1135 1783 1249 1867 Neque

106 1885 198 1950 enim
220 1882 254 1949 id
276 1885 463 1969 messarim,
490 1884 576 1969 quod
596 1905 630 1969 p.
649 1887 725 1948 7641
748 1884 849 1950 verba
875 1903 952 1949 vera
982 1892 1110 1951 exstant
1139 1881 1250 1952 οὐκέτι

108 1984 231 2073 πόρρω
260 1984 486 2072 διθυράμβων
514 1991 722 2073 φθέγγομαι.
770 1987 854 2052 Nam
882 1987 980 2053 verba
1006 1994 1053 2073 τῷ
1080 1987 1250 2076 συγγράμ-

108 2113 196 2174 ματι
220 2111 253 2175 p.
274 2093 363 2155 76211
387 2127 429 2138 --
457 2094 655 2175 φθέγγομαι
684 2111 716 2174 p.
737 2093 813 2156 7648
842 2110 918 2156 num
946 2091 1075 2156 omnino
1104 2091 1250 2158 codicum

109 2194 303 2260 auotouitate
325 2193 476 2274 nitantur,
504 2193 624 2274 dubito,
651 2213 722 2258 oum
744 2193 778 2257 in
793 2193 1004 2258 Ambrosiauo
1026 2201 1110 2260 uerte
1129 2194 1246 2262 desint.

108 2297 150 2362 In
173 2296 320 2362 Palatino
341 2315 382 2361 ea
402 2303 529 2362 exstare
552 2314 593 2361 ex
608 2294 817 2361 Herwerdeni
835 2295 963 2361 silentio
985 2296 1040 2377 qui
1062 2297 1141 2362 velit
1158 2298 1252 2364 oolli—
1378 2299 1380 2304 '

105 2406 188 2484 gat;
220 2419 289 2482 ego,
315 2399 391 2483 qnia
413 2399 650 2465 Herwerdenus
677 2399 712 2463 iu
739 2398 881 2482 epistula
906 2399 947 2463 ad
976 2399 1037 2464 (lu.
1063 2400 1249 2485 Pompeium

109 2502 319 2569 Ambrosiani
340 2509 371 2568 et
386 2501 526 2567 Palatini
548 2501 701 2568 lectiones
724 2501 913 2586 saepissime
930 2501 1083 2584 confudit,
1110 2522 1251 2571 summo-

106 2625 191 2691 pere
213 2604 253 2671 δε
275 2606 443 2671 verborum
465 2605 650 2672 sinceritate
674 2604 793 2686 dubito,
820 2623 892 2669 oum
915 2605 1102 2688 praesertim
1125 2607 1250 2672 ePari-

104 2709 193 2776 sinis
216 2707 278 2773 AB
300 2707 443 2774 eiusdem
476 2707 542 2774 illis
570 2707 698 2791 quidem
726 2727 798 2772 oum
831 2707 977 2773 Palatino
1011 2707 1155 2774 familiae
1187 2729 1251 2776 non

106 2819 291 2879 enotentur.
339 2809 424 2888 Quid
445 2810 564 2894 igitur?
600 2809 841 2894 Interpolatoris
864 2809 917 2874 vel
939 2810 1046 2893 potine
1069 2810 1250 2895 interpretis

107 2935 244 2980 manum
266 2921 298 2980 te
320 2912 384 2979 iam
408 2933 564 2997 cognosse
579 2919 667 2997 puto,
694 2912 748 2997 qui
770 2931 802 2996 p.
819 2913 894 2976 4581
912 2909 985 2976 ἔνια
1001 2913 1172 2996 explioauit
1192 2933 1252 2999 per

109 3014 207 3096 τινάς
240 3015 326 3082 idem
353 3036 386 3100 p.
408 3019 520 3080 112611
541 3016 638 3081 verbo
669 3013 753 3081 ἔνιοι
770 3014 951 3099 ,οδεοτίφεὶῑ
972 3018 1077 3096 τινές,
1110 3015 1196 3081 unde
1216 3015 1251 3081 in

108 3119 326 3186 Ambrosiano
356 3119 473 3202 legitur
494 3118 583 3196 τινὲς
605 3117 702 3184 ἔνιοι.
748 3118 799 3182 Ex
828 3115 1054 3203 διθυράμβων
1076 3115 1152 3184 τινὰ
1177 3117 1251 3185 ἔνια

105 3223 310 3289 factumest
337 3219 562 3308 διθυράμβων
590 3227 692 3288 τινῶν
719 3218 803 3287 ἔνια.
850 3221 932 3286 'Pom
963 3221 1091 3286 demum
1118 3223 1252 3288 verbum

109 3331 215 3390 τινῶν
237 3345 278 3390 ex
299 3347 333 3410 p.
351 3327 429 3390 4581
451 3325 484 3390 in
507 3325 650 3391 Platonis
666 3324 772 3390 verbis
794 3344 826 3407 p.
846 3326 923 3388 8711
945 3324 1172 3408 interpolatum
1189 3333 1249 3393 eet.

110 3429 199 3496 Nam
233 3425 457 3513 διθυράμβων
484 3435 584 3494 τινῶν
612 3427 761 3512 Dionysii
789 3427 964 3510 exemplari
993 3427 1160 3494 Platonico
1188 3448 1253 3495 non

110 3531 227 3599 deberi
249 3533 337 3598 loeus
360 3537 516 3597 monstrat
532 3551 563 3615 p.
583 3533 676 3595 76411
692 3528 753 3595 τὸν
768 3524 869 3613 όγκον
883 3537 941 3616 τῆς
957 3537 1134 3618 ποιητικῆς
1149 3555 1253 3596 κατα-

107 3641 237 3720 σκευῆς
270 3632 329 3699 ἐπὶ
357 3630 478 3719 λόγους
510 3627 613 3718 ἤγαγε
643 3629 856 3718 φιλοσόφους
886 3631 1037 3718 ζηλώσας
1065 3632 1145 3710 τοὺς
1173 3635 1254 3720 περὶ

116 3741 279 3822 Γοργίαν,
302 3730 385 3801 ὥστε
402 3735 459 3800 καὶ
476 3731 767 3821 διθυράμβοις
790 3731 885 3800 τινὰ
907 3747 1053 3801 ποιεῖν
1075 3734 1250 3802 ἐοικότα.

111 3843 229 3923 ltaque
252 3839 412 3924 genitivus
435 3846 535 3904 τινῶν
556 3861 589 3925 p.
604 3841 681 3902 4581
704 3845 816 3904 eontra
831 3837 957 3904 codiees
973 3839 1006 3903 in
1021 3839 1153 3923 volgata
1167 3847 1252 3906 reete

108 3943 270 4011 omittitur
291 3942 439 4025 idemque
461 3962 494 4027 p.
514 3945 591 4008 9711
613 3961 685 4007 oum
707 3941 862 4007 Hudsono
884 3940 1041 4008 delendus
1064 3948 1124 4007 est.

202 4068 235 4132 p.
254 4047 361 4111 45tloss
376 4041 517 4129 Ἥψατο
541 4045 578 4110 δὲ
600 4046 658 4109 καλ
680 4051 746 4110 τῶν
767 4041 933 4131 Ἀθήνησι
957 4040 1110 4129 ῥητόρων
1131 4037 1150 4131 ἡ
1174 4067 1254 4111 ποι-

107 4147 211 4240 ητική
235 4173 270 4216 τε
293 4151 351 4214 καὶ
372 4145 514 4235 τροπικὴ
538 4145 682 4234 φράσις,
709 4141 752 4223 ὡς
774 4147 837 4230 μὲν
861 4143 1005 4229 Τίμαιός
1032 4167 1133 4232 φησι,
1167 4153 1197 4212 Γ
1197 4171 1254 4233 ορ-

105 4259 192 4342 γόου
215 4247 390 4339 άρξαντος,
416 4245 503 4340 ἡνίκ’
522 4245 690 4339 Ἀθήναζε
712 4247 911 4336 πρεσβεύων
926 4246 1159 4336 κατεπλήξατο
1175 4247 1254 4327 τοὺς

986 4368 1044 4421 12*
