3010 4896
500 321 543 331 -
590 285 686 368 [ros]
732 324 773 332 -
1191 288 1211 351 9

83 477 208 540 virorum
233 477 412 541 doctorum:
445 477 713 554 Rauchensteinii‚
737 478 888 556 Scheibii,
912 479 1024 545 Grotii.
1070 481 1152 546 Nam
1174 482 1214 546 de

83 579 259 667 Blassi01)
283 581 383 665 loqui,
406 583 461 666 qui
479 582 707 648 Thirlwallium
730 593 855 650 secutus
878 589 988 651 eodem
1010 587 1062 650 die
1081 594 1114 651 et
1132 588 1215 652 viros

81 687 238 770 populares
257 689 497 771 comprehensos
516 697 548 754 et
565 711 675 774 paoem
689 691 866 756 conclusam
887 713 954 757 esse
973 700 1088 770 censet,
1106 715 1214 776 super-

83 795 176 870 sedeo,
199 815 270 859 oum
292 817 313 858 a
335 795 516 882 Rennero²)
539 798 657 880 optimo
680 797 868 881 redargutus
891 799 941 863 sit.

620 1129 659 1214 Ἰ.

161 1325 369 1391 Exordiamur
386 1325 484 1408 igitur
497 1348 517 1390 a
530 1327 842 1393 Rauoheusteinii
852 1330 879 1414 ³)
895 1330 1061 1405 sententia,
1075 1329 1130 1411 qui
1144 1350 1215 1392 cum

85 1437 200 1496 auctore
222 1433 319 1516 Lysia
345 1431 416 1495 illos
439 1433 522 1496 viros
549 1439 623 1496 ante
651 1454 759 1516 pacem
782 1432 899 1498 factam
927 1438 1036 1516 captos
1064 1453 1132 1498 esse
1155 1433 1216 1498 sibi

87 1538 268 1618 persuadeat,
289 1559 397 1602 rerum
415 1538 558 1603 ordinem
580 1539 640 1603 hoo
658 1539 751 1602 modo
770 1540 947 1604 constituit:
972 1539 1130 1604 Postridie
1149 1540 1215 1604 eius

11 1687 12 1736 1
87 1644 148 1719 diei,
168 1665 228 1725 quo
252 1643 464 1708 Theramenes
488 1643 602 1728 Sparta
624 1645 772 1721 redierat,
796 1646 901 1710 contio
925 1646 964 1709 do
988 1667 1065 1728 pace
1088 1645 1216 1732 quidem

11 1747 12 1772 ¹
88 1747 196 1824 babila,
218 1755 350 1831 accepta
371 1771 445 1814 vero
469 1771 532 1814 non
556 1757 604 1814 est
626 1772 701 1834 pax,
725 1773 795 1814 cunr
818 1751 876 1814 riri
900 1751 1066 1835 populares
1090 1751 1216 1816 resiste·

11 1861 13 1898 l
88 1862 154 1918 rent
188 1855 249 1933 Qui
267 1857 403 1938 primum
422 1876 439 1920 e
458 1856 561 1920 medio
580 1856 712 1920 tollendi
731 1861 830 1921 erant.
868 1857 958 1934 Quod
982 1879 1053 1922 cum
1071 1859 1217 1922 contione

89 1957 250 2026 Munichiae
273 1962 385 2026 habita
408 1967 491 2026 esset
514 1961 645 2038 lactum,
673 1985 745 2026 mox
768 1963 870 2027 altera
897 1963 1043 2026 contione
1071 1963 1111 2026 de
1139 1984 1216 2046 pace

11 2095 13 2156 p
89 2065 219 2130 instituta
242 2067 442 2132 condiciones
464 2073 611 2151 acceptae
635 2074 717 2132 sunt.
816 2113 818 2118 -

11 2235 13 2264 ,
161 2172 248 2250 Quod
277 2173 304 2237 si
333 2194 441 2236 verum
468 2178 563 2250 esset,
591 2179 776 2256 sequeretur
803 2178 943 2237 erratum
971 2194 1038 2238 esse
1065 2195 1086 2237 a
1113 2173 1216 2237 Xeno-

11 2313 12 2336 i
86 2275 200 2358 phonte,
232 2278 288 2360 qni
320 2280 372 2343 die
403 2285 476 2362 post
507 2279 647 2344 reditum
678 2278 883 2344 Theramenis
914 2299 1023 2362 pacem
1055 2285 1216 2362 acceptam

11 2413 13 2476 p
86 2403 142 2446 esse
165 2389 282 2448 narrat.
332 2383 432 2466 Atqui
463 2385 498 2449 id
529 2384 647 2467 ipsum,
678 2405 787 2466 pacem
815 2386 924 2449 statim
951 2390 1113 2466 acceptam
1139 2405 1216 2459 esse,

11 2485 13 2544 ῗ
87 2489 332 2554 verisimillimum
359 2496 429 2567 est,
448 2511 517 2555 cum
545 2490 609 2555 iam
636 2497 704 2554 tum
727 2491 810 2556 lame
837 2491 938 2574 magis
961 2491 1125 2574 magisque
1148 2511 1215 2554 cre-

87 2602 176 2660 scente
197 2596 239 2660 ad
262 2601 438 2660 extremum
460 2596 581 2661 redacti
605 2601 711 2662 essent
735 2596 950 2674 Athenienses,
972 2602 1008 2661 ut
1032 2596 1119 2660 nulla
1142 2617 1216 2660 cun·

88 2700 169 2764 catio
195 2699 263 2766 fieri
292 2708 406 2784 posset
456 2701 600 2785 Namque
632 2703 706 2766 licet
733 2723 808 2766 sans
835 2704 927 2784 pauci
959 2702 1148 2776 restiterint,
1179 2707 1216 2766 ut

88 2802 245 2889 Xenophon
273 2814 384 2872 narrat
411 2807 472 2894 (ΙΙ,
495 2809 530 2885 2,
552 2809 595 2872 22
629 2801 861 2872 ἀντειπόντων
895 2807 931 2872 δέ
961 2831 1067 2872 τινων
1099 2799 1217 2893 αὐτῷ),

89 2909 161 2989 plebs
185 2919 270 2977 certe
297 2913 338 2978 ad
367 2933 475 2997 pacem
503 2914 550 2978 ita
577 2913 765 2992 inclinabat,
794 2918 831 2977 ut
859 2935 1073 2998 quaecumque
1102 2914 1217 2978 vellent

90 3012 313 3083 lacedaemonii
336 3025 508 3102 pateretur.

162 3122 221 3189 Sed
256 3147 298 3190 ne
331 3117 405 3189 ‘eum
436 3125 532 3209 Lysia
567 3126 694 3208 quidem
731 3125 887 3190 consentit
924 3124 1216 3191 Rauohcnsteinius.

91 3227 164 3302 Quod
185 3232 266 3294 enim
289 3231 434 3308 alteram,
457 3253 521 3316 qua
542 3239 704 3315 acceptam
727 3253 837 3314 paoem
860 3231 946 3307 dicit,
969 3231 1147 3296 contionem
1170 3233 1218 3295 in-

92 3333 200 3418 tellegit,
221 3359 260 3401 ue
284 3337 425 3420 potuisse
449 3338 577 3422 quidem
601 3339 664 3402 iam
688 3338 784 3402 semel
807 3338 840 3401 in
864 3337 1041 3402 contione
1064 3338 1104 3400 de
1123 3359 1161 3402 ea
1182 3359 1217 3402 re

92 3447 178 3504 actum
199 3463 264 3507 esse
288 3442 401 3525 Lysiae
424 3445 566 3508 narratio
590 3445 667 3508 satis
690 3443 837 3509 ostendit
884 3442 965 3507 Nam
988 3465 1059 3508 eum
1077 3442 1117 3506 do
1141 3443 1217 3506 dua-

94 3541 139 3608 bus
162 3547 357 3614 coutionibus
385 3552 512 3614 omnino
535 3570 599 3614 uon
626 3550 780 3633 loquitur,
808 3555 970 3612 tumeam
994 3548 1033 3611 de
1060 3570 1124 3611 una
1146 3554 1217 3612 tan-

92 3655 145 3713 tum
156 3659 345 3736 compertum
363 3654 512 3720 habuisse
531 3655 673 3720 indicant
694 3655 791 3719 verba
804 3674 885 3735 quae
903 3654 1051 3736 leguntur
1069 3653 1157 3728 Xlll,
1176 3653 1213 3718 ll

93 3747 173 3833 γνοὺς
198 3759 231 3822 δὲ
259 3767 367 3825 ταῦτα
393 3759 585 3846 θηραμένης
612 3763 669 3824 καὶ
697 3756 730 3825 ol
758 3753 854 3825 ἄλλοι
881 3757 914 3824 ol
943 3753 1217 3838 ἐπιβουλεύοντες

96 4031 105 4083 I
165 3952 181 4014 ¹l
199 3953 242 4006 Fr.
262 3953 342 4006 Blass
363 3953 520 4007 Gescbr'cbte
544 3953 593 4007 der
612 3952 746 4006 anactea
764 3951 978 4018 Beredsumlceit,
1003 3949 1118 4019 Leipzig
1139 3953 1216 4014 1868,

133 4041 377 4188 lJ'flffiiibidllllenner
396 4123 654 4184 commentationum
673 4128 851 4198 Lysiacarum
871 4127 965 4196 capita
984 4128 1045 4192 duo,
1068 4125 1216 4195 Gottingae

98 4211 157 4276 laos,
191 4258 196 4268 .
232 4219 255 4270 Γ,
277 4219 319 4270 1'.
1206 4253 1209 4258 ,

166 4233 189 4368 'l
200 4220 404 4361 &achinoen
428 4305 521 4362 Neues
545 4305 780 4362 Schweireriscbes
799 4306 931 4360 Murrum
950 4305 997 4359 Vl.
1020 4320 1046 4372 p.
1067 4302 1216 4356 ast-277.
