3010 4896
518 305 557 313 -
606 264 704 350 [135]
752 305 792 315 -
1185 267 1227 334 aa

96 485 164 548 quae
182 469 328 548 quartum
335 465 361 548 ¹)
380 463 465 528 diem
478 461 593 528 mensis
610 462 728 546 Aprilis
742 467 851 528 secuta
864 469 921 540 ost,
936 463 1054 528 fectum
1069 485 1136 529 esse
1155 485 1227 530 oen-

95 572 156 634 snit.
183 571 251 650 Quo
266 591 336 636 cum
351 570 402 634 die
417 569 534 654 optime
549 575 733 655 oorrgruunt‚
748 591 829 653 quae
844 570 964 636 tradite
982 578 1056 636 sunt
1071 571 1113 647 ΙΙ,
1126 572 1164 636 19
1180 568 1229 656 (ol

96 671 356 760 landoniorum)
374 668 457 760 μετὰ
475 668 517 740 τὰ
536 674 573 742 ἓν
592 677 743 765 ilintate
761 672 925 762 γενόμενα
944 670 1048 766 ἡμέρᾳ
1067 669 1228 763 ὀγδοηκο-

95 792 147 866 στῇ
167 780 308 868 μάλιστα
332 790 394 848 τοῦ
417 781 541 867 θέρους
564 785 621 850 καὶ
639 791 701 850 τοῦ
721 784 816 850 σίτου
836 776 1045 870 ἀκμάζοντος
1068 782 1227 865 ἐσέβαλον

95 890 123 968 ἐς
138 882 196 978 τὴν
219 883 376 977 Ἀττικήν.
413 890 495 956 Nam
513 891 684 956 secundum
702 890 897 958 Boeclcbium
917 893 960 975 (p.
977 892 1033 976 78)
1053 892 1105 958 dio
1119 892 1227 958 XXIII

95 998 205 1082 (XVIII
232 1021 270 1064 ex
300 997 496 1082 Gregoriane
518 1003 697 1082 temporum
720 999 857 1086 ratione)
881 1000 996 1066 mensis
1019 998 1103 1062 Iunii
1130 998 1228 1064 Laco-

94 1107 239 1171 daemonii
271 1106 408 1188 primum
440 1107 471 1170 in
503 1105 642 1171 Atticum
675 1106 871 1184 invaserunt,
905 1129 967 1190 quo
1000 1106 1125 1190 quidem
1158 1107 1227 1190 ipso

94 1223 223 1296 tompore
245 1212 352 1280 media
374 1219 477 1278 aestas
501 1218 549 1278 ost
572 1211 754 1296 fructusque
777 1215 894 1280 demeti
918 1221 950 1279 et
973 1213 1092 1298 percipi
1115 1214 1227 1278 solent.

172 1319 252 1386 Huic
279 1324 385 1384 eutem
412 1319 591 1386 testimonio
614 1319 750 1386 maxime
777 1320 937 1386 contrarie
964 1321 1119 1396 videntur,
1146 1341 1227 1404 quoe

93 1433 228 1511 leguntur
251 1427 289 1504 V,
315 1427 354 1492 19
378 1433 411 1492 et
434 1427 485 1492 20.
531 1427 645 1492 Pacem
673 1428 756 1492 onim
784 1448 865 1510 quae
888 1433 1018 1494 vocatur
1040 1427 1149 1492 Niciae
1172 1427 1226 1492 ubi

93 1537 290 1621 comperimus
313 1534 490 1600 conclusam
519 1555 586 1600 esse
613 1534 665 1598 die
688 1533 794 1599 XXVI
822 1536 937 1600 mensis
960 1533 1227 1618 lllepbebolionis¹

93 1646 128 1710 de
152 1645 260 1710 eadem
287 1665 312 1708 ο.
337 1643 380 1707 20
407 1643 541 1726 legimns
569 1629 666 1706 adrat
695 1637 728 1704 al
756 1643 901 1708 σπονδαὶ
933 1640 1089 1726 ἐγένοντο
1117 1645 1227 1706 τελεο-

94 1759 211 1828 τῶντος
241 1756 304 1816 τοῦ
334 1755 496 1834 χειμῶνος
529 1739 595 1832 ἅμα
626 1735 681 1834 ἦρι
829 1739 995 1814 adredesera
1028 1745 1115 1812 ἐτῶν
1144 1747 1226 1814 διελ-

94 1855 222 1924 θόντων
244 1859 303 1922 καὶ
325 1848 457 1942 ἡμερῶν
487 1847 610 1940 ὀλίγων
637 1861 919 1940 παρενεγκοοστῦν
942 1847 962 1941 ἢ
986 1847 1032 1932 ὡς
1055 1846 1099 1920 τὸ
1122 1863 1227 1939 ποῶ-

93 1958 195 2050 τονὴ
223 1957 364 2050 ἐσβολὴ
388 1955 408 2050 ἡ
436 1961 473 2040 ἐς
499 1954 570 2050 τὴν
597 1954 772 2049 Ἀττικὴν
800 1951 907 2047 καλὴ
937 1953 1030 2048 ἀρχὴ
1059 1969 1129 2028 τοῦ
1153 1985 1225 2028 πο-

94 2071 201 2154 λέμου
232 2069 348 2135 τοῦδε
379 2064 547 2154 ἐγένετο.
599 2067 719 2148 Quibus
748 2090 785 2133 ex
813 2067 917 2134 verbis
945 2069 1124 2154 Droysenus
1153 2091 1226 2136 con-

93 2179 209 2244 cludere
230 2177 308 2255 vult,
331 2176 392 2242 hoc
414 2177 541 2259 quidem
564 2174 633 2240 loco
656 2175 865 2260 irruptionem
890 2175 977 2240 illem
999 2176 1133 2260 primam
1152 2184 1227 2241 ente

95 2283 187 2350 XXVI
211 2285 295 2350 diem
320 2282 578 2367 Elaphebolionis
600 2280 717 2346 factm
741 2303 822 2360 esse,
849 2281 966 2346 bellum
988 2288 1096 2348 autem
1123 2284 1226 2366 ipsum

94 2415 111 2456 a
138 2394 236 2476 prime
268 2392 444 2474 irruptione
479 2391 633 2474 incepisse
665 2389 736 2455 dici.
796 2389 907 2473 Itaque
943 2391 1128 2474 scriptorem
1164 2390 1226 2456 sibi

94 2499 185 2581 ipsum
207 2503 317 2582 aperte
340 2499 514 2574 adversari,
537 2517 608 2562 cum
630 2498 737 2580 priore
760 2497 829 2563 loco
852 2503 914 2562 τοῦ
937 2491 1063 2582 θέρους
1085 2499 1141 2562 καὶ
1165 2505 1227 2563 τοῦ
1316 2517 1319 2524 ·

95 2606 180 2670 σὶτοο
202 2597 420 2688 ἀκμάζοντος,
442 2604 617 2686 posteriore
639 2609 714 2670 ante
733 2604 838 2670 XXVI
857 2605 942 2670 diem
959 2603 1227 2689 Elaphebolionis,

95 2713 141 2796 qui
162 2715 228 2778 dies
250 2711 410 2779 Boeokbio
433 2717 561 2776 auctore
584 2709 628 2798 (p.
649 2711 707 2798 80)
731 2712 798 2777 dies
821 2711 866 2776 XI
889 2711 1005 2776 mensis
1028 2711 1146 2794 Aprilis
1170 2719 1226 2789 est,

94 2815 217 2902 primum
235 2818 477 2884 Lacedaemonii
495 2818 635 2884 Atticam
658 2819 808 2884 invasisse
831 2819 986 2884 dicantur.
1022 2817 1101 2884 Item
1126 2819 1226 2884 altero

94 2925 166 2992 libro
196 2927 314 2991 bellum
342 2927 479 3010 incipere
506 2925 570 2990 dici
597 2925 777 2990 ePlateeis
805 2926 978 3008 occupatis,
1005 2924 1116 3008 quinto
1144 2923 1226 2989 libro

93 3034 226 3116 aprime
247 3033 570 3100 Lacedaemoniorum
593 3031 762 3096 invasione.

172 3140 238 3206 Iam
251 3161 400 3206 conemur
409 3137 629 3220 differentiam,
643 3160 736 3224 quam
746 3138 941 3223 Thucydidis
955 3137 1052 3204 verba
1066 3138 1227 3203 continere

93 3247 238 3325 ridentur,
259 3267 414 3314 amovere.
461 3247 530 3326 Qua
553 3246 587 3310 in
609 3267 644 3312 re
667 3247 804 3330 primum
822 3247 949 3330 quidem
969 3245 1111 3310 funditus
1134 3267 1226 3329 repu-

94 3355 217 3421 diandus
239 3361 288 3422 est
306 3353 464 3440 Ungeri²)
484 3359 622 3434 conatus,
646 3355 701 3437 qui
720 3375 790 3420 oum
809 3353 869 3419 sibi
893 3354 1093 3437 persuaserit,
1117 3353 1227 3436 quinto

93 3459 167 3528 libro
183 3461 400 3546 Thucydidem
418 3462 561 3527 consulto
579 3461 657 3526 belli
675 3461 801 3526 initium
819 3465 964 3543 repetere
983 3459 1023 3524 ab
1042 3461 1227 3542 irruptione,
1295 3532 1305 3542 ‚

94 3567 166 3634 hanc
192 3570 399 3652 irruptionem
421 3591 458 3635 eo
482 3568 534 3634 die
558 3567 674 3634 butem
696 3589 764 3632 esse
786 3568 908 3644 statuit,
931 3587 992 3649 quo
1016 3566 1227 3631 Lacedaemo-

93 3674 133 3736 nii
151 3675 284 3740 Oenoam
303 3677 441 3760 primum
459 3676 611 3751 venerint,
629 3675 843 3758 quadraginta
861 3673 936 3751 fere,
954 3680 990 3738 ut
1012 3675 1073 3757 ipsi
1092 3674 1227 3750 videtur,

94 3779 196 3846 diebus
221 3791 294 3866 poet
320 3783 467 3849 Plataeas
494 3801 668 3866 oppressas.
718 3779 777 3846 Cui
804 3783 979 3846 sententiae
1006 3781 1075 3864 ipsa
1102 3779 1226 3865 Thucy-

94 3885 170 3952 didis
191 3890 285 3956 rerba
307 3897 499 3974 repugnant,
526 3911 590 3955 non
617 3889 718 3954 solum
740 3910 823 3972 quae
850 3890 999 3972 leguntur
1021 3888 1063 3966 ΙΙ,
1088 3889 1139 3963 18,
1165 3890 1181 3952 1
1208 3879 1226 3953 d

97 3993 126 4055 di
151 3989 284 4080 στρατὸς
303 4004 374 4062 τῶν
393 3997 678 4082 Πελοποννησίων
696 3987 828 4082 προϊὼν
847 3987 987 4078 ἄφίκετο
1007 4003 1063 4081 τῆς
1083 3987 1228 4080 Ἀττικῆς

99 4111 297 4124 ’—·--——.-.--.—-

180 4158 197 4224 ¹)
215 4157 368 4213 Secundum
391 4155 416 4210 si
438 4155 548 4224 Ungero
572 4153 709 4211 credimus
728 4155 975 4226 &transposuere
993 4155 1041 4209 dor
1064 4154 1087 4210 k.
1108 4154 1131 4207 b.
1152 4151 1226 4208 Altu-

98 4241 305 4302 dene187511
324 4263 351 4316 p.
372 4247 412 4301 10.

178 4333 197 4402 ¹)
214 4333 306 4406 Unger
324 4335 342 4392 l.
363 4351 385 4390 ο.
404 4336 417 4388 Ι
436 4351 463 4404 p.
477 4335 512 4389 39
531 4349 571 4403 sq.
