3048 4898
537 395 575 404 -
623 356 696 440 [ee]
745 394 786 404 -
1194 349 1235 416 15

104 553 305 620 talearum
336 552 461 635 saepius
490 557 660 618 occurrunt
687 551 801 616 minnn
828 571 891 614 non
919 555 976 614 est.
1033 549 1075 612 At
1102 549 1236 613 lbrtasse

104 659 221 725 diade
247 679 344 724 eausa
375 657 459 724 idom
491 663 688 741 pentameter
719 663 785 723 tam
817 655 904 722 brevi
936 656 1039 740 spatio
1071 654 1236 719 interiecto

102 767 205 832 iterum
232 767 353 850 positus
381 771 437 832 est
483 765 514 830 Is
540 765 625 832 enim
652 765 707 850 qui
734 763 912 848 fragmenta
938 761 1078 846 elegiaca
1100 761 1236 844 collegit,

104 895 165 939 enm
189 875 222 940 in
248 871 421 958 archetypo
448 871 607 938 distichon
635 876 692 937 aut
718 893 811 938 versu
833 875 1032 955 pentametro
1054 889 1164 934 carens
1186 867 1236 932 in-

103 963 227 1046 venisset
262 985 320 1046 aut
352 978 543 1064 pentametri
579 978 677 1062 ipsius
709 980 736 1044 si
769 978 882 1044 adorat
913 977 1103 1042 sententiam
1134 975 1238 1039 minus

103 1087 324 1172 comprobaret,
352 1087 400 1152 rel
428 1085 523 1151 aliam
547 1106 586 1150 ex
607 1084 741 1150 arbitrio
765 1105 822 1150 suo
845 1084 991 1161 inseruit,
1018 1084 1068 1149 vel
1093 1083 1238 1148 lacunam

102 1196 143 1260 ita
167 1196 291 1280 explere
318 1192 453 1270 studuit,
480 1197 518 1257 ut
544 1196 742 1276 pentametro
769 1189 898 1256 aliunde
925 1190 1026 1258 accito
1049 1191 1238 1256 sententiam

103 1302 271 1386 compleret.
313 1299 404 1380 Quod
423 1298 525 1364 fatum
541 1303 649 1363 utrum
667 1299 755 1382 prius
774 1297 912 1382 syllegae
935 1303 1062 1364 nostrae
1080 1295 1238 1362 distichon

102 1410 157 1494 (vv.
165 1409 236 1474 539.
246 1407 328 1492 540)
347 1428 389 1472 an
403 1404 559 1490 posterius
577 1404 639 1490 (vv.
650 1401 814 1492 551554)
834 1411 997 1489 expertum
1011 1404 1061 1480 sit,
1080 1402 1238 1487 explorari

102 1515 211 1598 nequit
268 1512 469 1598 Hartungius
499 1511 627 1596 quidem
658 1511 797 1596 priorem
828 1516 1060 1598 pentametrum
1093 1510 1134 1593 (v.
1158 1507 1238 1594 540)

103 1622 238 1688 cancellis
261 1622 395 1706 saepsit3
418 1619 574 1705 Bergkius
593 1619 753 1702 ceterique
771 1619 909 1684 editores
927 1622 1096 1700 utrumque
1115 1637 1238 1682 versum

104 1729 133 1792 in
153 1735 300 1795 contextu
322 1727 528 1810 reliquerunt

183 1833 336 1924 Similiter
367 1815 572 1899 iudicandum
603 1833 664 1898 erit
691 1831 731 1898 de
758 1831 829 1897 aliis
856 1831 999 1897 versibus
1027 1829 1239 1914 singularibus

103 1941 245 2025 repetitis
291 1941 362 2020 Quo
389 1962 428 2006 ex
454 1960 584 2005 numero
611 1959 665 2004 eos
693 1939 924 2023 depromamus,
951 1937 1006 2022 qui
1035 1938 1169 2002 maxime
1198 1935 1240 2001 ad

104 2067 164 2111 rern
184 2055 325 2114 nostram
347 2047 507 2132 pertinere
526 2047 701 2112 rideantur.
747 2045 784 2111 Io
808 2043 952 2111 distichis
974 2045 1073 2128 igitur
1091 2043 1240 2110 editionis

104 2153 292 2239 Bergkiame

146 2279 204 2343 167
232 2269 315 2344 Ἀλλ’
340 2271 431 2362 ἄλλῳ
454 2273 563 2342 κακόν
588 2275 668 2356 ἐστι,
690 2269 730 2342 τὸ
755 2269 785 2342 d'
790 2269 926 2361 ἀτρεκὲς
950 2269 1062 2356 ὄλβιος
1085 2267 1195 2353 οὐδεὶς

147 2387 205 2452 168
275 2377 520 2469 ἀνθρώπων,
544 2375 720 2461 ὁπόσους
742 2375 873 2470 ἠέλιος
896 2387 1062 2472 καθορᾷ.

105 2498 133 2555 et
147 2493 207 2558 849
234 2471 282 2558 dd
304 2482 366 2576 γὰρ
391 2484 449 2557 ἔθ’
472 2483 620 2577 εὑρήσεις
644 2490 750 2577 δῆμον
773 2489 1022 2573 φιλοδέσποτον
1045 2479 1110 2557 uide

145 2599 206 2665 850
274 2591 518 2682 ἀνθρώπων,
542 2589 718 2676 ὁπόσους
739 2589 870 2684 ἠέλιος
896 2602 1062 2686 καθορᾷ.

104 2763 169 2806 cum
190 2747 423 2826 pentametrum
450 2739 569 2806 habeas
592 2739 739 2816 eundem,
765 2745 872 2806 tamen
899 2760 1001 2825 neque
1028 2739 1113 2806 hunc
1139 2761 1241 2830 neque

106 2845 187 2912 illum
206 2846 328 2912 librarii
347 2867 455 2912 errore
473 2847 700 2932 interpolatum
718 2866 786 2912 esse
804 2845 983 2913 contendes.
1020 2846 1138 2912 Podtae
1157 2849 1240 2912 enim

106 2959 137 3016 ot
152 2953 316 3020 verborum
336 2955 400 3018 vim
418 2959 514 3037 atque
532 2954 702 3031 notionem,
725 2973 819 3038 quam
837 2953 952 3018 inillis
970 2953 1072 3018 inesse
1090 2953 1241 3019 concedes

105 3054 230 3137 ,πάντες
248 3053 431 3147 ἄνθρωποι
452 3060 502 3126 sel
524 3051 643 3138 ,οὐδεὶς
663 3053 879 3148 ἄνθροόποον’,
902 3058 1157 3138 corroborarent,
1180 3060 1241 3126 sol-

105 3163 215 3232 lemnes
249 3167 321 3233 illos
357 3166 509 3234 formulas
546 3165 781 3254 adamabant1)
836 3167 920 3246 Quid
952 3167 1116 3244 Homerus,
1147 3170 1242 3251 polito

106 3291 244 3350 summm,
266 3293 371 3340 nonne
393 3277 552 3340 sescentas
574 3275 642 3368 eius
664 3274 789 3358 generis
807 3272 958 3340 formulas
981 3272 1114 3340 adhibet
1135 3273 1242 3358 eisque

106 3378 179 3443 adeo
205 3379 356 3446 delectari
388 3380 568 3467 adeunv)
623 3380 706 3458 Quid
739 3380 896 3447 Hesiodus
928 3381 1044 3466 aliique
1076 3379 1241 3446 clarissimi

106 3485 227 3565 politae?
263 3485 380 3552 Omnes
407 3507 500 3572 saepe
528 3487 612 3551 idom
639 3486 790 3552 fecerunt.
840 3487 886 3554 Ut
913 3489 947 3553 in
973 3487 1076 3571 poetis
1094 3486 1241 3570 elegiacis

107 3611 283 3668 commorer,
310 3591 458 3658 Solonem
485 3599 598 3659 testem
621 3593 747 3672 advoco,
776 3595 808 3659 in
831 3596 920 3660 cuius
941 3593 1119 3678 fragmento
1143 3593 1241 3676 Berg-

107 3695 212 3762 hianae
243 3699 391 3766 editionis
428 3705 542 3784 quarto
574 3701 695 3766 decimo
727 3700 859 3767 eandem
890 3700 957 3768 fere
988 3699 1177 3768 sententiam
1204 3719 1242 3765 ac

106 3801 333 3887 Theognideam
355 3806 516 3872 conditam
539 3807 692 3874 invenies:

111 3921 309 3932 *vn-u—-o--na

191 3967 211 4029 ¹)
227 3965 276 4022 cfr.
296 3983 320 4020 r.
340 3965 366 4020 d.
386 3965 497 4037 Meyun
515 3985 543 4036 p.
563 3969 596 4022 19
616 3983 674 4036 sqq.

189 4053 443 4116 ’lAccuratissime
462 4070 480 4110 a
498 4072 522 4110 r.
542 4055 568 4111 d.
588 4055 669 4127 Meyo
692 4055 720 4110 in
740 4071 823 4110 unum
841 4061 1017 4126 conspectum
1036 4055 1160 4127 congesti
1177 4063 1241 4112 suut

109 4137 233 4198 eiusmodi
256 4143 309 4198 loci
337 4161 364 4213 p.
387 4145 423 4200 20
445 4161 518 4214 sqq.;
552 4143 600 4200 cfr.
629 4151 776 4215 praeterea
803 4144 1046 4214 Kuellenbergium
1074 4164 1101 4216 p.
1120 4146 1155 4200 49
1180 4161 1242 4214 sqq.

110 4229 168 4284 cm
186 4233 239 4287 hae
257 4231 394 4290 locutione
417 4233 556 4301 sollemni,
580 4235 670 4304 qualis
688 4234 718 4289 io
736 4232 833 4304 elegiis
852 4233 1004 4302 invenitur,
1028 4235 1121 4290 confer
1138 4235 1239 4290 Home·

109 4316 186 4372 ticam
207 4319 284 4376 illam
302 4311 334 4386 ὃς
353 4317 434 4377 πάντ’
455 4319 548 4400 ἐφορᾷ
566 4326 615 4378 καὶ
633 4318 718 4378 πάντ’
739 4318 874 4379 ἐπακούει
894 4323 974 4379 Iliad.
998 4327 1023 4388 3,
1043 4325 1108 4390 2773
1128 4323 1177 4380 Od.
1198 4325 1241 4389 11,

111 4405 354 4474 109;1s,3as.-
374 4409 423 4468 olr.
443 4412 526 4470 etiarn
546 4413 788 4485 Kucllenbergium
806 4431 833 4483 p.
855 4415 886 4468 l'l
906 4419 934 4468 et
955 4415 987 4469 18
1006 4414 1068 4470 adn.
1089 4416 1112 4470 1.
