3010 4896
238 271 281 338 ει
677 307 719 318 -
765 269 862 354 [120]
909 308 948 317 -

240 463 436 553 Λύσανδρος
459 518 466 532 .
487 517 494 531 .
515 518 521 532 .
543 517 550 530 .
574 460 785 530 κατέσκαπτε
813 456 854 530 τὰ
877 466 966 552 τείχη
989 467 1046 530 καὶ
1073 457 1132 541 τὰς
1159 460 1302 552 τριήρεις
1323 489 1378 530 κα-

239 569 377 658 τέφλεγε
401 573 485 657 (Lys.
504 573 587 658 XV).
624 573 773 638 Attamen
796 571 985 638 Plutarchus
1009 570 1056 638 vel
1079 571 1235 654 Ephorus,
1258 592 1296 636 ex
1318 593 1380 655 quo

240 681 293 746 illc
316 681 457 746 hausisse
475 679 610 757 videtur,
632 700 707 745 num
729 679 808 746 haec
830 685 914 746 recte
932 680 1117 756 narraverit,
1135 678 1228 744 valde
1250 679 1381 744 dubium

241 793 296 854 est
333 788 394 853 Res
418 787 500 854 enim
523 808 581 870 per
603 808 637 852 se
656 789 733 852 satis
757 787 837 852 mira
854 787 989 864 videtur,
1010 786 1096 870 quod
1114 785 1275 870 Lysander
1294 807 1383 852 suam

241 896 370 960 classem
402 892 539 960 hostium
566 893 699 960 navibus
727 915 789 960 uon
817 894 948 959 auxerit
998 891 1061 960 Sed
1092 915 1281 979 quamquam
1307 892 1383 958 Plu·

241 1002 344 1068 tarchi
371 1001 512 1072 narratio
535 1001 617 1066 hanc
643 1001 850 1086 suspicionem
878 1005 994 1078 moret,
1025 1005 1131 1066 tamen
1159 1023 1176 1066 e
1207 1001 1384 1085 suspicione

242 1109 309 1174 sola
331 1131 391 1176 nou
415 1107 578 1192 probatur,
600 1131 635 1174 re
657 1130 732 1174 vera
754 1131 816 1174 non
840 1109 1017 1174 combustas
1041 1130 1108 1175 esse
1131 1130 1233 1175 naves.
1279 1109 1384 1187 Quae-

163 1257 175 1282 .
241 1216 325 1282 renti
356 1216 440 1282 enim
467 1216 507 1281 de
539 1215 598 1282 hac
630 1237 664 1282 re
696 1217 873 1301 exemplum
905 1215 1059 1300 Scipionis
1088 1215 1228 1282 Africani
1254 1216 1385 1280 maioris

242 1321 320 1387 mihi
355 1321 388 1386 in
419 1329 557 1388 mentem
588 1324 687 1401 venit,
723 1323 777 1409 qui
813 1329 894 1388 teste
925 1323 1014 1388 Livio
1047 1321 1238 1407 Carthagine
1274 1322 1386 1388 dedita

241 1429 381 1496 hostium
402 1451 496 1496 naves
519 1428 698 1496 combussit.
743 1429 808 1495 Liv.
831 1429 930 1507 XXX,
952 1430 1004 1508 43,
1030 1429 1070 1494 12
1096 1449 1194 1494 acces
1215 1433 1387 1510 procedas

242 1538 278 1602 ia
305 1537 406 1602 altam
432 1537 559 1602 laeena
585 1538 678 1603 lussit
701 1537 756 1624 (ec.
779 1534 912 1622 Scipio);
940 1537 1131 1621 qaiapeatas
1157 1536 1256 1618 faisse
1284 1537 1388 1602 manis

243 1644 365 1727 pencris
388 1663 471 1726 qaae
493 1645 586 1710 retnis
609 1647 789 1727 operentur,
815 1644 948 1726 qaedam
971 1643 1120 1708 tradant:
1150 1663 1288 1726 quaram
1310 1662 1386 1708 con-

243 1754 379 1832 spectum
402 1756 526 1832 repente
552 1751 731 1816 immotam
758 1755 824 1815 toan
852 1751 983 1836 lupulae
1008 1749 1107 1831 faisse
1128 1750 1259 1830 Poenis,
1287 1771 1388 1832 qaam

244 1859 363 1939 etipsa
380 1857 540 1941 (loethoeo
559 1857 692 1923 arderet.
725 1857 866 1924 Eandem
884 1879 950 1924 rem
970 1857 1180 1924 Hannibalem
1199 1879 1269 1923 cum
1287 1857 1389 1922 verba

245 1964 321 2030 facit
342 1965 428 2048 apud
450 1964 734 2050 Carthaginienses,
761 1971 1055 2031 commemorantem
1073 1964 1170 2049 vfingit
1196 1964 1262 2029 Liv.
1285 1963 1390 2040 XXX,

155 2146 161 2158 ,
245 2071 340 2148 44,7
369 2076 443 2138 tuac
469 2072 558 2152 flesse
581 2073 695 2152 dcccii,
724 2093 794 2138 cum
816 2074 964 2154 adempta
991 2073 1081 2138 achis
1103 2077 1177 2138 sard
1204 2093 1311 2149 arma,
1334 2071 1390 2134 ιἰτ-
1492 2145 1493 2154 ¹

245 2198 481 2258 caesareenses,
509 2180 710 2260 interdictam
733 2181 870 2244 aeternos
897 2179 992 2246 bellis.
1038 2179 1157 2257 Quodsi
1179 2177 1268 2243 Livio
1290 2177 1391 2244 fidem

245 2284 411 2362 habemus,
438 2287 514 2370 quin
538 2286 725 2353 Plutarchus
753 2307 876 2373 quoquc
904 2308 978 2352 vera
1004 2286 1186 2362 tradiderit,
1214 2287 1265 2350 vix
1293 2285 1390 2350 dubi·
1494 2301 1496 2371 ’ρ

246 2397 396 2469 tacemus,
429 2393 489 2457 nisi
517 2393 548 2457 in
573 2393 641 2458 alia
668 2415 703 2460 re
733 2394 926 2460 haerendum
954 2399 1044 2460 osset.
1095 2393 1173 2462 Cum
1200 2393 1284 2458 enim
1311 2393 1391 2457 Plu·
1496 2426 1497 2446 r

247 2499 392 2596 tarchum
409 2499 525 2566 secutis
548 2499 638 2566 nobis
661 2501 862 2576 statuendum
881 2507 971 2578 essct,
990 2501 1100 2566 eodem
1122 2507 1263 2584 tempore
1281 2521 1391 2566 muros

247 2629 268 2672 a
288 2606 449 2691 Lysandro
473 2607 595 2673 dirutos
618 2629 774 2692 navesque
797 2607 975 2674 combustas
999 2629 1075 2686 csse,
1103 2609 1180 2673 satis
1203 2609 1317 2672 mirum
1340 2609 1391 2672 vi-

248 2715 385 2789 deretur,
413 2713 497 2795 quod
525 2735 632 2780 omnes
659 2716 837 2798 scriptores,
864 2715 918 2799 qui
949 2735 1053 2780 muros
1081 2714 1204 2780 dirutos
1231 2735 1392 2797 navesque

248 2821 382 2886 traditas
400 2841 467 2885 osse
486 2827 626 2898 narrant,
649 2843 741 2888 naves
764 2822 906 2889 incensas
925 2823 1051 2888 silentio
1073 2827 1277 2906 praetereunt
1294 2821 1391 2904 (Xeu.

248 2928 289 3004 Π,
307 2928 337 3004 2,
356 2926 385 2992 3.
422 2926 492 3012 Lye.
507 2927 595 3005 XIII,
613 2927 664 2992 34.
683 2929 740 3004 46;
758 2928 876 3007 XVIII,
894 2930 939 3014 5).
984 2929 1046 2994 Vix
1068 2930 1151 2994 enim
1174 2929 1260 2994 credi
1282 2933 1393 3012 potest

249 3035 332 3118 ipsos
355 3034 418 3099 illis
436 3035 631 3118 temporibus
649 3037 795 3120 aequales
818 3038 851 3102 id
870 3035 985 3103 oblitos
1004 3057 1078 3102 esse.
1117 3035 1185 3100 Iam
1202 3040 1303 3100 totam
1321 3056 1393 3101 rem

249 3139 383 3206 absolvit
405 3141 623 3224 Xenophontis
646 3144 875 3221 testimouium,
898 3165 959 3227 quo
983 3149 1111 3210 auctore
1133 3143 1295 3227 Lysander
1317 3163 1393 3207 cunr

251 3247 487 3313 Atheniensium
514 3247 646 3315 navibus
668 3250 935 3317 Lacedaemonem
961 3256 1087 3317 avectus
1111 3256 1172 3316 est:
1198 3244 1395 3332 Λύσανδρος

250 3353 286 3420 δὲ
303 3367 375 3431 ταῖς
395 3356 606 3433 Λακωνικαῖς
624 3359 742 3422 ναυσὶν
761 3350 970 3423 ἀπέπλευσεν
989 3355 1035 3433 εἰς
1049 3357 1282 3440 Λακεδαίμονα
1301 3347 1392 3420 ἀπά-

248 3485 319 3546 γων
337 3457 379 3527 τά
403 3485 438 3527 τε
461 3468 531 3528 τῶν
551 3459 771 3548 αἰχμαλώτων
793 3470 882 3528 νεῶν
901 3456 1092 3550 ἀκρωτήρια
1115 3464 1172 3528 καὶ
1194 3453 1253 3540 τὰς
1271 3462 1308 3526 ἐκ
1326 3470 1394 3528 τοῦ

250 3569 415 3655 Πειραιῶς
437 3564 579 3656 τριήρεις
601 3563 689 3657 πλήν
709 3565 840 3636 δώδεκα
849 3571 876 3655 ¹)
895 3571 949 3657 (Η.
970 3569 1006 3636 G.
1026 3568 1067 3647 Il,
1086 3569 1116 3646 3,
1135 3569 1178 3652 8).
1215 3568 1394 3652 Xenophon

251 3676 348 3762 igitur
365 3697 460 3743 naves
479 3679 619 3762 integras
633 3677 898 3744 Lacedaemonem
913 3678 1033 3742 vexisse
1052 3681 1176 3753 narrat3
1196 3696 1256 3760 quo
1274 3675 1394 3742 eortius

341 3893 360 3958 ¹)
378 3893 469 3947 Nares
492 3891 636 3948 duodecim
660 3890 875 3948 Atheniensibus
902 3889 1015 3945 relictos
1039 3905 1100 3944 csse
1123 3887 1275 3957 Xenophon
1302 3886 1394 3942 allero

251 3998 359 4052 quoque
378 3983 437 4038 loco
455 3989 563 4038 narrat:
592 3978 741 4037 ἐποιοῦντο
761 3977 882 4052 εἰρήνην,
908 3975 953 4050 ἐφ’
974 3971 996 4054 ᾦ
1016 3975 1050 4034 τά
1073 3996 1104 4033 τε
1126 3973 1225 4048 μακρὰ
1247 3977 1324 4046 τείχη
1344 3977 1395 4031 καὶ

251 4067 301 4126 τὸν
325 4071 447 4142 Πειραιᾶ
470 4065 717 4136 acheldemacae!
745 4066 795 4134 τὰς
822 4073 889 4133 ναῦς
911 4065 983 4138 πλὴν
1006 4063 1116 4124 δώδεκα
1143 4061 1323 4136 παραδόντας
1346 4066 1394 4134 (ΙΙ,

250 4163 276 4227 2,
294 4161 353 4229 ἓως
378 4177 438 4216 cum
459 4161 641 4231 Xenophonte
664 4159 828 4215 Plutarchus
852 4159 989 4230 congruit:
1018 4151 1033 4213 ὃ
1058 4153 1084 4211 δ’
1104 4145 1154 4210 οὖν
1173 4150 1338 4226 Λύσανδρος
1356 4149 1395 4220 ὡς

251 4247 397 4322 παρέλαβε
421 4245 470 4314 τὰς
493 4253 560 4314 ναῦς
583 4243 695 4313 ἁπάσας
718 4243 791 4318 πλήν
815 4243 925 4304 δώδεκα
948 4248 1020 4318 (Lys.
1040 4246 1136 4314 xla),
1164 4249 1277 4300 auctore
1300 4249 1394 4300 autem

250 4340 370 4399 Diodoro
394 4339 488 4398 decem
512 4355 595 4397 nares
620 4339 660 4396 eIs
682 4338 798 4396 relictae
822 4344 898 4394 sunt:
926 4333 1083 4394 συνέθεντο
1105 4329 1157 4408 τὴν
1180 4326 1295 4407 εἰρήνην
1317 4321 1394 4391 ὥστε
