<?xml version="1.0" encoding="UTF-8"?>
<!DOCTYPE html PUBLIC "-//W3C//DTD XHTML 1.0 Transitional//EN"
    "http://www.w3.org/TR/xhtml1/DTD/xhtml1-transitional.dtd">
<html xmlns="http://www.w3.org/1999/xhtml" xml:lang="en" lang="en">
 <head>
  <title>
</title>
<meta http-equiv="Content-Type" content="text/html;charset=utf-8" />
  <meta name='ocr-system' content='tesseract 3.04.00' />
  <meta name='ocr-capabilities' content='ocr_page ocr_carea ocr_par ocr_line ocrx_word'/>
</head>
<body>
  <div class='ocr_page' id='page_1' title='image "./dissertationesp02unkngoog/dissertationesp02unkngoog_0557.png"; bbox 0 0 3006 4892; ppageno 0'>
   <div class='ocr_carea' id='block_1_1' title="bbox 272 359 972 441">
    <p class='ocr_par' dir='ltr' id='par_1_1' title="bbox 272 359 972 441">
     <span class='ocr_line' id='line_1_1' title="bbox 272 359 972 441; baseline 0.001 -20"><span class='ocrx_word' id='word_1_1' title='bbox 272 359 314 421; x_wconf 81' lang='lat'><strong><em>52</em></strong></span> <span class='ocrx_word' id='word_1_2' title='bbox 706 395 750 406; x_wconf 92' lang='lat'><em>-</em></span> <span class='ocrx_word' id='word_1_3' title='bbox 797 359 882 441; x_wconf 82' lang='lat'>[136]</span> <span class='ocrx_word' id='word_1_4' title='bbox 929 392 972 403; x_wconf 96' lang='lat'><em>-</em></span> 
     </span>
    </p>
   </div>
   <div class='ocr_carea' id='block_1_2' title="bbox 270 544 1492 1975">
    <p class='ocr_par' dir='ltr' id='par_1_2' title="bbox 270 544 1492 1975">
     <span class='ocr_line' id='line_1_2' title="bbox 272 544 1393 634; baseline -0.004 -24"><span class='ocrx_word' id='word_1_5' title='bbox 272 544 370 634; x_wconf 79' lang='grc' dir='ltr'><strong><em>ρίας)</em></strong></span> <span class='ocrx_word' id='word_1_6' title='bbox 402 549 557 628; x_wconf 88' lang='grc' dir='ltr'><strong><em>κείμενον</em></strong></span> <span class='ocrx_word' id='word_1_7' title='bbox 589 546 820 633; x_wconf 79' lang='grc' dir='ltr'><strong><em>μετείληπται.</em></strong></span> <span class='ocrx_word' id='word_1_8' title='bbox 883 544 1109 630; x_wconf 85' lang='lat' dir='ltr'>Respiciuntur</span> <span class='ocrx_word' id='word_1_9' title='bbox 1139 544 1238 611; x_wconf 83' lang='lat' dir='ltr'>verbe</span> <span class='ocrx_word' id='word_1_10' title='bbox 1268 565 1300 628; x_wconf 88' lang='lat' dir='ltr'><strong><em>p.</em></strong></span> <span class='ocrx_word' id='word_1_11' title='bbox 1328 546 1393 608; x_wconf 82' lang='grc'><strong>89111</strong></span> 
     </span>
     <span class='ocr_line' id='line_1_3' title="bbox 272 645 1395 736; baseline -0.001 -23"><span class='ocrx_word' id='word_1_12' title='bbox 272 655 429 735; x_wconf 76' lang='grc' dir='ltr'><strong><em>ποιητικῇ</em></strong></span> <span class='ocrx_word' id='word_1_13' title='bbox 458 645 566 714; x_wconf 92' lang='grc' dir='ltr'><strong><em>πάλιν</em></strong></span> <span class='ocrx_word' id='word_1_14' title='bbox 594 645 758 736; x_wconf 76' lang='grc' dir='ltr'><strong><em>ἐχρήσατο</em></strong></span> <span class='ocrx_word' id='word_1_15' title='bbox 787 645 988 736; x_wconf 80' lang='grc' dir='ltr'><strong><em>μεταλήψει.</em></strong></span> <span class='ocrx_word' id='word_1_16' title='bbox 1035 648 1238 714; x_wconf 85' lang='lat' dir='ltr'>Constructio</span> <span class='ocrx_word' id='word_1_17' title='bbox 1264 646 1395 712; x_wconf 73' lang='lat' dir='ltr'>inaudite</span> 
     </span>
     <span class='ocr_line' id='line_1_4' title="bbox 270 739 1395 838; baseline -0.003 -21"><span class='ocrx_word' id='word_1_18' title='bbox 270 772 335 818; x_wconf 89' lang='lat' dir='ltr'><strong><em>non</em></strong></span> <span class='ocrx_word' id='word_1_19' title='bbox 357 758 423 830; x_wconf 78' lang='lat' dir='ltr'>est3</span> <span class='ocrx_word' id='word_1_20' title='bbox 464 751 505 818; x_wconf 83' lang='lat' dir='ltr'><strong><em>cs.</em></strong></span> <span class='ocrx_word' id='word_1_21' title='bbox 532 772 612 836; x_wconf 83' lang='lat' dir='ltr'>eg.</span> <span class='ocrx_word' id='word_1_22' title='bbox 638 773 670 838; x_wconf 92' lang='lat' dir='ltr'><strong><em>p.</em></strong></span> <span class='ocrx_word' id='word_1_23' title='bbox 692 755 832 818; x_wconf 79' lang='lat' dir='ltr'><strong><em>rossnss</em></strong></span> <span class='ocrx_word' id='word_1_24' title='bbox 863 746 1012 837; x_wconf 62' lang='lat' dir='ltr'>„Torum</span> <span class='ocrx_word' id='word_1_25' title='bbox 1033 747 1096 836; x_wconf 88' lang='grc' dir='ltr'><strong><em>γάρ</em></strong></span> <span class='ocrx_word' id='word_1_26' title='bbox 1120 739 1158 816; x_wconf 85' lang='grc' dir='ltr'><strong><em>εὖ</em></strong></span> <span class='ocrx_word' id='word_1_27' title='bbox 1180 754 1395 836; x_wconf 76' lang='grc' dir='ltr'><strong><em>πραχθέντων</em></strong></span> 
     </span>
     <span class='ocr_line' id='line_1_5' title="bbox 271 850 1395 942; baseline -0.004 -23"><span class='ocrx_word' id='word_1_28' title='bbox 271 853 361 940; x_wconf 85' lang='grc' dir='ltr'><strong><em>λόγῳ</em></strong></span> <span class='ocrx_word' id='word_1_29' title='bbox 384 855 492 931; x_wconf 85' lang='grc' dir='ltr'><strong><em>καλῶς</em></strong></span> <span class='ocrx_word' id='word_1_30' title='bbox 516 853 658 941; x_wconf 75' lang='grc' dir='ltr'><strong><em>ῥηθέντι</em></strong></span> <span class='ocrx_word' id='word_1_31' title='bbox 678 851 791 942; x_wconf 77' lang='grc' dir='ltr'><strong><em>μνήμη</em></strong></span> <span class='ocrx_word' id='word_1_32' title='bbox 814 855 871 919; x_wconf 82' lang='grc' dir='ltr'><strong><em>καί</em></strong></span> <span class='ocrx_word' id='word_1_33' title='bbox 886 851 1013 936; x_wconf 86' lang='grc' dir='ltr'><strong><em>κόσμος</em></strong></span> <span class='ocrx_word' id='word_1_34' title='bbox 1027 865 1098 930; x_wconf 86' lang='grc' dir='ltr'><strong><em>τοῖς</em></strong></span> <span class='ocrx_word' id='word_1_35' title='bbox 1114 850 1266 938; x_wconf 84' lang='grc' dir='ltr'><strong><em>πράξασι</em></strong></span> <span class='ocrx_word' id='word_1_36' title='bbox 1281 856 1395 936; x_wconf 85' lang='grc' dir='ltr'><strong><em>γίνεται</em></strong></span> 
     </span>
     <span class='ocr_line' id='line_1_6' title="bbox 271 949 1397 1044; baseline -0.002 -22"><span class='ocrx_word' id='word_1_37' title='bbox 271 955 367 1044; x_wconf 89' lang='grc' dir='ltr'><strong><em>παρὰ</em></strong></span> <span class='ocrx_word' id='word_1_38' title='bbox 379 965 445 1024; x_wconf 81' lang='grc' dir='ltr'><strong><em>τῶν</em></strong></span> <span class='ocrx_word' id='word_1_39' title='bbox 457 951 706 1024; x_wconf 52' lang='grc' dir='ltr'><strong><em>άκουσάντωψ.</em></strong></span> <span class='ocrx_word' id='word_1_40' title='bbox 727 957 878 1023; x_wconf 73' lang='grc' dir='ltr'><strong><em>ἐνταῦθα</em></strong></span> <span class='ocrx_word' id='word_1_41' title='bbox 894 969 986 1034; x_wconf 80' lang='grc' dir='ltr'><strong><em>τοῖς</em></strong></span> <span class='ocrx_word' id='word_1_42' title='bbox 1002 957 1081 1039; x_wconf 75' lang='grc' dir='ltr'><strong><em>μὲν</em></strong></span> <span class='ocrx_word' id='word_1_43' title='bbox 1095 956 1240 1042; x_wconf 73' lang='grc' dir='ltr'><strong><em>ἔργοις</em></strong></span> <span class='ocrx_word' id='word_1_44' title='bbox 1255 949 1273 1022; x_wconf 83' lang='grc' dir='ltr'><em>ὃ</em></span> <span class='ocrx_word' id='word_1_45' title='bbox 1291 953 1397 1040; x_wconf 80' lang='grc' dir='ltr'><strong><em>λόγος</em></strong></span> 
     </span>
     <span class='ocr_line' id='line_1_7' title="bbox 274 1055 1399 1149; baseline 0 -24"><span class='ocrx_word' id='word_1_46' title='bbox 274 1055 467 1143; x_wconf 86' lang='grc' dir='ltr'><strong><em>άντίκειται,</em></strong></span> <span class='ocrx_word' id='word_1_47' title='bbox 488 1068 535 1148; x_wconf 84' lang='grc' dir='ltr'><strong><em>τῷ</em></strong></span> <span class='ocrx_word' id='word_1_48' title='bbox 546 1061 583 1127; x_wconf 77' lang='grc' dir='ltr'><strong><em>δὲ</em></strong></span> <span class='ocrx_word' id='word_1_49' title='bbox 595 1067 797 1149; x_wconf 77' lang='grc' dir='ltr'><strong><em>πραχθῆναι</em></strong></span> <span class='ocrx_word' id='word_1_50' title='bbox 808 1057 846 1127; x_wconf 89' lang='grc' dir='ltr'><strong><em>τὸ</em></strong></span> <span class='ocrx_word' id='word_1_51' title='bbox 860 1061 1019 1148; x_wconf 76' lang='grc' dir='ltr'><strong><em>ῥηθῆναι.</em></strong></span> <span class='ocrx_word' id='word_1_52' title='bbox 1044 1061 1278 1147; x_wconf 76' lang='lat' dir='ltr'>Exspectamus</span> <span class='ocrx_word' id='word_1_53' title='bbox 1291 1059 1399 1125; x_wconf 77' lang='grc' dir='ltr'><strong><em>ἐνταῦ-</em></strong></span> 
     </span>
     <span class='ocr_line' id='line_1_8' title="bbox 273 1159 1401 1250; baseline -0.004 -21"><span class='ocrx_word' id='word_1_54' title='bbox 273 1169 323 1229; x_wconf 90' lang='grc' dir='ltr'><strong><em>θα</em></strong></span> <span class='ocrx_word' id='word_1_55' title='bbox 339 1170 386 1250; x_wconf 76' lang='grc' dir='ltr'><strong><em>τῷ</em></strong></span> <span class='ocrx_word' id='word_1_56' title='bbox 400 1163 464 1247; x_wconf 70' lang='grc' dir='ltr'><strong><em>μὲν</em></strong></span> <span class='ocrx_word' id='word_1_57' title='bbox 480 1162 625 1250; x_wconf 51' lang='grc' dir='ltr'><strong><em>ηέργων*</em></strong></span> <span class='ocrx_word' id='word_1_58' title='bbox 648 1161 684 1230; x_wconf 84' lang='grc' dir='ltr'><strong><em>τὸ</em></strong></span> <span class='ocrx_word' id='word_1_59' title='bbox 704 1162 832 1250; x_wconf 57' lang='lat' dir='ltr'>„tow</span> <span class='ocrx_word' id='word_1_60' title='bbox 851 1159 1044 1246; x_wconf 85' lang='grc' dir='ltr'><strong><em>ἀντίκειται,</em></strong></span> <span class='ocrx_word' id='word_1_61' title='bbox 1070 1171 1105 1230; x_wconf 92' lang='lat' dir='ltr'><strong><em>ut</em></strong></span> <span class='ocrx_word' id='word_1_62' title='bbox 1119 1170 1170 1230; x_wconf 87' lang='lat' dir='ltr'>est</span> <span class='ocrx_word' id='word_1_63' title='bbox 1192 1184 1220 1229; x_wconf 92' lang='lat' dir='ltr'>e.</span> <span class='ocrx_word' id='word_1_64' title='bbox 1236 1185 1269 1248; x_wconf 85' lang='lat' dir='ltr'><strong><em>g.</em></strong></span> <span class='ocrx_word' id='word_1_65' title='bbox 1287 1185 1320 1248; x_wconf 89' lang='lat' dir='ltr'><strong><em>p.</em></strong></span> <span class='ocrx_word' id='word_1_66' title='bbox 1331 1165 1401 1226; x_wconf 69' lang='grc'><strong>5611</strong></span> 
     </span>
     <span class='ocr_line' id='line_1_9' title="bbox 271 1259 1400 1354; baseline -0.001 -23"><span class='ocrx_word' id='word_1_67' title='bbox 271 1273 337 1332; x_wconf 79' lang='grc' dir='ltr'><strong><em>τῶν</em></strong></span> <span class='ocrx_word' id='word_1_68' title='bbox 352 1260 531 1350; x_wconf 82' lang='grc' dir='ltr'><strong><em>ὀνομάτων</em></strong></span> <span class='ocrx_word' id='word_1_69' title='bbox 552 1273 599 1354; x_wconf 85' lang='grc' dir='ltr'><strong><em>τῷ</em></strong></span> <span class='ocrx_word' id='word_1_70' title='bbox 617 1266 681 1349; x_wconf 78' lang='grc' dir='ltr'><strong><em>μὲν</em></strong></span> <span class='ocrx_word' id='word_1_71' title='bbox 704 1261 917 1346; x_wconf 52' lang='lat' dir='ltr'>„testaceo</span> <span class='ocrx_word' id='word_1_72' title='bbox 941 1263 980 1332; x_wconf 86' lang='grc' dir='ltr'><strong><em>τὸ</em></strong></span> <span class='ocrx_word' id='word_1_73' title='bbox 1005 1261 1189 1354; x_wconf 51' lang='lat' dir='ltr'>„insinno</span> <span class='ocrx_word' id='word_1_74' title='bbox 1214 1259 1400 1346; x_wconf 79' lang='grc' dir='ltr'><strong><em>ἀντίθετον,</em></strong></span> 
     </span>
     <span class='ocr_line' id='line_1_10' title="bbox 272 1363 1404 1456; baseline 0 -23"><span class='ocrx_word' id='word_1_75' title='bbox 272 1375 319 1456; x_wconf 82' lang='grc' dir='ltr'><strong><em>τῷ</em></strong></span> <span class='ocrx_word' id='word_1_76' title='bbox 339 1363 368 1434; x_wconf 73' lang='grc' dir='ltr'><strong><em>δ’</em></strong></span> <span class='ocrx_word' id='word_1_77' title='bbox 387 1367 521 1448; x_wconf 49' lang='grc' dir='ltr'><strong><em>ῃίδίων“</em></strong></span> <span class='ocrx_word' id='word_1_78' title='bbox 546 1364 585 1434; x_wconf 89' lang='grc' dir='ltr'><strong><em>τὸ</em></strong></span> <span class='ocrx_word' id='word_1_79' title='bbox 603 1363 841 1456; x_wconf 50' lang='grc' dir='ltr'><strong><em>ηάλλοτρίωνέέ.</em></strong></span> <span class='ocrx_word' id='word_1_80' title='bbox 883 1371 1029 1436; x_wconf 79' lang='lat' dir='ltr'>Ceterum</span> <span class='ocrx_word' id='word_1_81' title='bbox 1045 1389 1086 1436; x_wconf 83' lang='lat' dir='ltr'>ex</span> <span class='ocrx_word' id='word_1_82' title='bbox 1100 1392 1132 1456; x_wconf 92' lang='lat' dir='ltr'><strong><em>p.</em></strong></span> <span class='ocrx_word' id='word_1_83' title='bbox 1152 1371 1293 1436; x_wconf 76' lang='lat' dir='ltr'><strong><em>rossnss</em></strong></span> <span class='ocrx_word' id='word_1_84' title='bbox 1312 1369 1404 1434; x_wconf 87' lang='lat' dir='ltr'>verbu</span> 
     </span>
     <span class='ocr_line' id='line_1_11' title="bbox 272 1467 1405 1559; baseline -0.002 -22"><span class='ocrx_word' id='word_1_85' title='bbox 272 1492 305 1557; x_wconf 88' lang='lat' dir='ltr'><strong><em>p.</em></strong></span> <span class='ocrx_word' id='word_1_86' title='bbox 326 1473 419 1537; x_wconf 78' lang='lat' dir='ltr'>892os</span> <span class='ocrx_word' id='word_1_87' title='bbox 441 1472 649 1540; x_wconf 76' lang='lat' dir='ltr'>inscribas:</span> <span class='ocrx_word' id='word_1_88' title='bbox 677 1470 714 1538; x_wconf 87' lang='grc' dir='ltr'><strong><em>τὸ</em></strong></span> <span class='ocrx_word' id='word_1_89' title='bbox 739 1473 775 1539; x_wconf 79' lang='grc' dir='ltr'><strong><em>δέ</em></strong></span> <span class='ocrx_word' id='word_1_90' title='bbox 798 1469 998 1559; x_wconf 86' lang='grc' dir='ltr'><strong><em>παραταχδν</em></strong></span> <span class='ocrx_word' id='word_1_91' title='bbox 1021 1467 1096 1540; x_wconf 81' lang='grc' dir='ltr'><strong><em>ἀντὶ</em></strong></span> <span class='ocrx_word' id='word_1_92' title='bbox 1118 1479 1179 1540; x_wconf 82' lang='grc' dir='ltr'><strong><em>τοῦ</em></strong></span> <span class='ocrx_word' id='word_1_93' title='bbox 1201 1479 1405 1559; x_wconf 73' lang='grc' dir='ltr'><strong><em>παραχρῆμα</em></strong></span> 
     </span>
     <span class='ocr_line' id='line_1_12' title="bbox 273 1570 1408 1664; baseline 0 -24"><span class='ocrx_word' id='word_1_94' title='bbox 273 1587 390 1657; x_wconf 85' lang='grc' dir='ltr'><strong><em>κεῖται,</em></strong></span> <span class='ocrx_word' id='word_1_95' title='bbox 417 1573 454 1639; x_wconf 90' lang='grc' dir='ltr'><strong><em>τό</em></strong></span> <span class='ocrx_word' id='word_1_96' title='bbox 479 1599 514 1640; x_wconf 92' lang='grc' dir='ltr'><strong><em>τε</em></strong></span> <span class='ocrx_word' id='word_1_97' title='bbox 531 1570 708 1662; x_wconf 88' lang='grc' dir='ltr'><strong><em>άφρακτον</em></strong></span> <span class='ocrx_word' id='word_1_98' title='bbox 730 1571 805 1644; x_wconf 85' lang='grc' dir='ltr'><strong><em>άντλ</em></strong></span> <span class='ocrx_word' id='word_1_99' title='bbox 827 1583 888 1644; x_wconf 85' lang='grc' dir='ltr'><strong><em>τοῦ</em></strong></span> <span class='ocrx_word' id='word_1_100' title='bbox 904 1571 1111 1664; x_wconf 83' lang='grc' dir='ltr'><strong><em>ἀφυλάκτου.</em></strong></span> <span class='ocrx_word' id='word_1_101' title='bbox 1138 1577 1241 1660; x_wconf 84' lang='lat' dir='ltr'>Volgo</span> <span class='ocrx_word' id='word_1_102' title='bbox 1262 1577 1350 1642; x_wconf 81' lang='lat' dir='ltr'>male</span> <span class='ocrx_word' id='word_1_103' title='bbox 1366 1576 1408 1640; x_wconf 78' lang='lat' dir='ltr'>its</span> 
     </span>
     <span class='ocr_line' id='line_1_13' title="bbox 273 1675 1405 1766; baseline -0.001 -22"><span class='ocrx_word' id='word_1_104' title='bbox 273 1679 407 1762; x_wconf 83' lang='lat' dir='ltr'>iegitur:</span> <span class='ocrx_word' id='word_1_105' title='bbox 438 1675 476 1743; x_wconf 89' lang='grc' dir='ltr'><strong><em>τὸ</em></strong></span> <span class='ocrx_word' id='word_1_106' title='bbox 501 1679 537 1745; x_wconf 79' lang='grc' dir='ltr'><strong><em>δέ</em></strong></span> <span class='ocrx_word' id='word_1_107' title='bbox 562 1676 808 1765; x_wconf 51' lang='grc' dir='ltr'><strong><em>ηΠαρατυχόνέέ</em></strong></span> <span class='ocrx_word' id='word_1_108' title='bbox 834 1675 909 1746; x_wconf 85' lang='grc' dir='ltr'><strong><em>άντλ</em></strong></span> <span class='ocrx_word' id='word_1_109' title='bbox 925 1685 985 1746; x_wconf 86' lang='grc' dir='ltr'><strong><em>τοῦ</em></strong></span> <span class='ocrx_word' id='word_1_110' title='bbox 1008 1683 1264 1766; x_wconf 53' lang='grc' dir='ltr'><strong><em>ηΠαραχρημω*</em></strong></span> <span class='ocrx_word' id='word_1_111' title='bbox 1289 1691 1405 1754; x_wconf 80' lang='grc' dir='ltr'><strong><em>κεῖται,</em></strong></span> 
     </span>
     <span class='ocr_line' id='line_1_14' title="bbox 274 1777 1409 1870; baseline 0 -24"><span class='ocrx_word' id='word_1_112' title='bbox 274 1779 363 1847; x_wconf 82' lang='grc' dir='ltr'><strong><em>τότε</em></strong></span> <span class='ocrx_word' id='word_1_113' title='bbox 388 1781 618 1869; x_wconf 51' lang='grc' dir='ltr'><strong><em>,ῤ’ίφρακτονέέ</em></strong></span> <span class='ocrx_word' id='word_1_114' title='bbox 644 1777 720 1848; x_wconf 85' lang='grc' dir='ltr'><strong><em>άντλ</em></strong></span> <span class='ocrx_word' id='word_1_115' title='bbox 734 1789 795 1850; x_wconf 83' lang='grc' dir='ltr'><strong><em>τοῦ</em></strong></span> <span class='ocrx_word' id='word_1_116' title='bbox 819 1779 1086 1870; x_wconf 48' lang='grc' dir='ltr'><strong><em>ηΆφυλάκτουέές</em></strong></span> <span class='ocrx_word' id='word_1_117' title='bbox 1113 1782 1225 1849; x_wconf 80' lang='lat' dir='ltr'>debuit</span> <span class='ocrx_word' id='word_1_118' title='bbox 1242 1779 1409 1869; x_wconf 64' lang='lat' dir='ltr'><strong><em>„Apsia-</em></strong></span> 
     </span>
     <span class='ocr_line' id='line_1_15' title="bbox 273 1878 1492 1975; baseline -0.001 -27"><span class='ocrx_word' id='word_1_119' title='bbox 273 1891 372 1950; x_wconf 86' lang='grc' dir='ltr'><strong><em>κτον“</em></strong></span> <span class='ocrx_word' id='word_1_120' title='bbox 385 1904 469 1951; x_wconf 89' lang='lat' dir='ltr'>esse.</span> <span class='ocrx_word' id='word_1_121' title='bbox 496 1887 676 1950; x_wconf 83' lang='lat' dir='ltr'>Proximum</span> <span class='ocrx_word' id='word_1_122' title='bbox 692 1885 836 1952; x_wconf 80' lang='lat' dir='ltr'><strong>scholion</strong></span> <span class='ocrx_word' id='word_1_123' title='bbox 852 1893 959 1952; x_wconf 82' lang='lat' dir='ltr'>exstat</span> <span class='ocrx_word' id='word_1_124' title='bbox 973 1907 1005 1970; x_wconf 87' lang='lat' dir='ltr'><strong><em>p.</em></strong></span> <span class='ocrx_word' id='word_1_125' title='bbox 1018 1887 1094 1950; x_wconf 81' lang='grc'><strong>9861</strong></span> <span class='ocrx_word' id='word_1_126' title='bbox 1110 1888 1254 1971; x_wconf 80' lang='grc' dir='ltr'><strong><em>Δεῖγμα]</em></strong></span> <span class='ocrx_word' id='word_1_127' title='bbox 1273 1878 1292 1950; x_wconf 89' lang='grc' dir='ltr'><strong><em>δ</em></strong></span> <span class='ocrx_word' id='word_1_128' title='bbox 1306 1883 1409 1960; x_wconf 78' lang='grc' dir='ltr'><strong><em>τόπος</em></strong></span> <span class='ocrx_word' id='word_1_129' title='bbox 1487 1960 1492 1975; x_wconf 95' lang='lat'>.</span> 
     </span>
    </p>
   </div>
   <div class='ocr_carea' id='block_1_3' title="bbox 141 1981 1492 2074">
    <p class='ocr_par' dir='ltr' id='par_1_3' title="bbox 141 1981 1492 2074">
     <span class='ocr_line' id='line_1_16' title="bbox 141 1981 1492 2074; baseline -0.001 -21"><span class='ocrx_word' id='word_1_130' title='bbox 141 2006 144 2014; x_wconf 84' lang='lat'>&#39;</span> <span class='ocrx_word' id='word_1_131' title='bbox 275 1985 372 2054; x_wconf 77' lang='grc' dir='ltr'><strong><em>ἐντῶ</em></strong></span> <span class='ocrx_word' id='word_1_132' title='bbox 394 2001 542 2074; x_wconf 87' lang='grc' dir='ltr'><strong><em>πειραιεῑ</em></strong></span> <span class='ocrx_word' id='word_1_133' title='bbox 564 1987 652 2054; x_wconf 82' lang='grc' dir='ltr'><strong><em>ένθα</em></strong></span> <span class='ocrx_word' id='word_1_134' title='bbox 677 1987 845 2054; x_wconf 72' lang='grc' dir='ltr'><strong><em>ἐδείκνυτο</em></strong></span> <span class='ocrx_word' id='word_1_135' title='bbox 870 2001 963 2064; x_wconf 87' lang='grc' dir='ltr'><strong><em>σῖτος</em></strong></span> <span class='ocrx_word' id='word_1_136' title='bbox 985 1989 1042 2052; x_wconf 83' lang='grc' dir='ltr'><strong><em>καί</em></strong></span> <span class='ocrx_word' id='word_1_137' title='bbox 1058 1983 1143 2052; x_wconf 87' lang='grc' dir='ltr'><strong><em>άλλα</em></strong></span> <span class='ocrx_word' id='word_1_138' title='bbox 1166 1981 1203 2054; x_wconf 77' lang='lat' dir='ltr'><strong><em>iic</em></strong></span> <span class='ocrx_word' id='word_1_139' title='bbox 1219 2001 1318 2072; x_wconf 85' lang='grc' dir='ltr'><strong><em>πρῑα·</em></strong></span> <span class='ocrx_word' id='word_1_140' title='bbox 1342 1989 1403 2068; x_wconf 79' lang='lat' dir='ltr'>(sic)</span> <span class='ocrx_word' id='word_1_141' title='bbox 1488 1988 1492 2011; x_wconf 93' lang='lat'>&#39;</span> 
     </span>
    </p>
   </div>
   <div class='ocr_carea' id='block_1_4' title="bbox 274 2084 1495 4340">
    <p class='ocr_par' dir='ltr' id='par_1_4' title="bbox 274 2084 1495 3414">
     <span class='ocr_line' id='line_1_17' title="bbox 274 2084 1408 2177; baseline -0.003 -21"><span class='ocrx_word' id='word_1_142' title='bbox 274 2084 518 2176; x_wconf 81' lang='grc' dir='ltr'><strong><em>ὑποδείγματα,</em></strong></span> <span class='ocrx_word' id='word_1_143' title='bbox 545 2111 627 2175; x_wconf 86' lang='lat' dir='ltr'>quae</span> <span class='ocrx_word' id='word_1_144' title='bbox 643 2092 742 2157; x_wconf 84' lang='lat' dir='ltr'>verbo</span> <span class='ocrx_word' id='word_1_145' title='bbox 758 2091 985 2177; x_wconf 79' lang='lat' dir='ltr'>suppeditante</span> <span class='ocrx_word' id='word_1_146' title='bbox 1001 2090 1164 2176; x_wconf 81' lang='lat' dir='ltr'>Syibnrgii</span> <span class='ocrx_word' id='word_1_147' title='bbox 1181 2089 1294 2156; x_wconf 87' lang='lat' dir='ltr'>codice</span> <span class='ocrx_word' id='word_1_148' title='bbox 1313 2084 1342 2170; x_wconf 80' lang='grc' dir='ltr'><strong><em>[ὁ</em></strong></span> <span class='ocrx_word' id='word_1_149' title='bbox 1356 2087 1408 2154; x_wconf 86' lang='grc' dir='ltr'><strong><em>τό-</em></strong></span> 
     </span>
     <span class='ocr_line' id='line_1_18' title="bbox 275 2187 1407 2280; baseline 0.001 -23"><span class='ocrx_word' id='word_1_150' title='bbox 275 2217 341 2270; x_wconf 85' lang='grc' dir='ltr'><strong><em>πος</em></strong></span> <span class='ocrx_word' id='word_1_151' title='bbox 359 2243 429 2258; x_wconf 91' lang='grc'><strong>....</strong></span> <span class='ocrx_word' id='word_1_152' title='bbox 449 2205 541 2271; x_wconf 83' lang='grc' dir='ltr'><strong><em>σῖτος</em></strong></span> <span class='ocrx_word' id='word_1_153' title='bbox 563 2195 620 2258; x_wconf 84' lang='grc' dir='ltr'><strong><em>καλ</em></strong></span> <span class='ocrx_word' id='word_1_154' title='bbox 643 2191 759 2276; x_wconf 81' lang='grc' dir='ltr'><strong><em>τάλλα,</em></strong></span> <span class='ocrx_word' id='word_1_155' title='bbox 786 2189 899 2280; x_wconf 82' lang='grc' dir='ltr'><strong><em>ὥσπερ</em></strong></span> <span class='ocrx_word' id='word_1_156' title='bbox 915 2187 1159 2279; x_wconf 67' lang='grc' dir='ltr'><strong><em>ὑποδείγματα)</em></strong></span> <span class='ocrx_word' id='word_1_157' title='bbox 1186 2194 1233 2259; x_wconf 83' lang='lat' dir='ltr'><strong><em>ite</em></strong></span> <span class='ocrx_word' id='word_1_158' title='bbox 1252 2195 1320 2259; x_wconf 89' lang='lat' dir='ltr'>sere</span> <span class='ocrx_word' id='word_1_159' title='bbox 1336 2215 1407 2260; x_wconf 90' lang='lat' dir='ltr'>cou-</span> 
     </span>
     <span class='ocr_line' id='line_1_19' title="bbox 276 2291 1406 2382; baseline -0.001 -20"><span class='ocrx_word' id='word_1_160' title='bbox 276 2297 409 2363; x_wconf 89' lang='lat' dir='ltr'>stituere</span> <span class='ocrx_word' id='word_1_161' title='bbox 423 2298 548 2381; x_wconf 89' lang='lat' dir='ltr'><strong><em>possis:</em></strong></span> <span class='ocrx_word' id='word_1_162' title='bbox 575 2291 592 2362; x_wconf 84' lang='grc' dir='ltr'><strong><em>δ</em></strong></span> <span class='ocrx_word' id='word_1_163' title='bbox 610 2294 717 2373; x_wconf 78' lang='grc' dir='ltr'><strong><em>τόπος</em></strong></span> <span class='ocrx_word' id='word_1_164' title='bbox 732 2295 769 2365; x_wconf 84' lang='grc' dir='ltr'><strong><em>έν</em></strong></span> <span class='ocrx_word' id='word_1_165' title='bbox 784 2303 830 2382; x_wconf 80' lang='grc' dir='ltr'><strong><em>τῷ</em></strong></span> <span class='ocrx_word' id='word_1_166' title='bbox 846 2301 1003 2382; x_wconf 85' lang='grc' dir='ltr'><strong><em>Πειραιεῖ</em></strong></span> <span class='ocrx_word' id='word_1_167' title='bbox 1022 2295 1110 2362; x_wconf 81' lang='grc' dir='ltr'><strong><em>ένθα</em></strong></span> <span class='ocrx_word' id='word_1_168' title='bbox 1127 2295 1296 2363; x_wconf 77' lang='grc' dir='ltr'><strong><em>ἐδείκνυτο</em></strong></span> <span class='ocrx_word' id='word_1_169' title='bbox 1320 2309 1406 2372; x_wconf 79' lang='grc' dir='ltr'><strong><em>σῖτος</em></strong></span> 
     </span>
     <span class='ocr_line' id='line_1_20' title="bbox 275 2393 1406 2486; baseline -0.001 -23"><span class='ocrx_word' id='word_1_170' title='bbox 275 2400 332 2464; x_wconf 84' lang='grc' dir='ltr'><strong><em>καί</em></strong></span> <span class='ocrx_word' id='word_1_171' title='bbox 344 2395 429 2464; x_wconf 79' lang='grc' dir='ltr'><strong><em>ἄλλα</em></strong></span> <span class='ocrx_word' id='word_1_172' title='bbox 445 2393 688 2486; x_wconf 79' lang='grc' dir='ltr'><strong><em>ὡσπερανεὶ</em></strong></span> <span class='ocrx_word' id='word_1_173' title='bbox 705 2393 950 2486; x_wconf 81' lang='grc' dir='ltr'><strong><em>ὑποδείγματα,</em></strong></span> <span class='ocrx_word' id='word_1_174' title='bbox 984 2400 1133 2466; x_wconf 82' lang='lat' dir='ltr'>Ceterum</span> <span class='ocrx_word' id='word_1_175' title='bbox 1145 2399 1186 2466; x_wconf 90' lang='lat' dir='ltr'>de</span> <span class='ocrx_word' id='word_1_176' title='bbox 1198 2421 1277 2466; x_wconf 89' lang='lat' dir='ltr'>voce</span> <span class='ocrx_word' id='word_1_177' title='bbox 1293 2400 1406 2486; x_wconf 85' lang='grc' dir='ltr'><strong><em>δεῖγμα</em></strong></span> 
     </span>
     <span class='ocr_line' id='line_1_21' title="bbox 275 2502 1405 2589; baseline -0.002 -22"><span class='ocrx_word' id='word_1_178' title='bbox 275 2502 422 2568; x_wconf 81' lang='lat' dir='ltr'>conferas</span> <span class='ocrx_word' id='word_1_179' title='bbox 437 2503 698 2589; x_wconf 82' lang='lat' dir='ltr'>Harpocrationis</span> <span class='ocrx_word' id='word_1_180' title='bbox 720 2504 848 2569; x_wconf 82' lang='lat' dir='ltr'>lexicon</span> <span class='ocrx_word' id='word_1_181' title='bbox 871 2524 903 2589; x_wconf 92' lang='lat' dir='ltr'><strong><em>p.</em></strong></span> <span class='ocrx_word' id='word_1_182' title='bbox 920 2506 960 2568; x_wconf 85' lang='lat'><strong><em>85</em></strong></span> <span class='ocrx_word' id='word_1_183' title='bbox 977 2503 1074 2568; x_wconf 92' lang='lat' dir='ltr'>Dind.</span> <span class='ocrx_word' id='word_1_184' title='bbox 1115 2507 1264 2587; x_wconf 89' lang='grc' dir='ltr'><strong><em>Δεῖγμα·</em></strong></span> <span class='ocrx_word' id='word_1_185' title='bbox 1290 2507 1405 2588; x_wconf 85' lang='grc' dir='ltr'><strong><em>κυρίως</em></strong></span> 
     </span>
     <span class='ocr_line' id='line_1_22' title="bbox 275 2599 1405 2696; baseline -0.003 -26"><span class='ocrx_word' id='word_1_186' title='bbox 275 2603 338 2688; x_wconf 77' lang='grc' dir='ltr'><strong><em>μέν</em></strong></span> <span class='ocrx_word' id='word_1_187' title='bbox 360 2603 398 2670; x_wconf 86' lang='grc' dir='ltr'><strong><em>τὸ</em></strong></span> <span class='ocrx_word' id='word_1_188' title='bbox 415 2603 631 2696; x_wconf 79' lang='grc' dir='ltr'><strong><em>δεικνύμενον</em></strong></span> <span class='ocrx_word' id='word_1_189' title='bbox 646 2599 705 2693; x_wconf 76' lang='grc' dir='ltr'><strong><em>ἀφ’</em></strong></span> <span class='ocrx_word' id='word_1_190' title='bbox 716 2604 859 2672; x_wconf 80' lang='grc' dir='ltr'><strong><em>ἑκάστου</em></strong></span> <span class='ocrx_word' id='word_1_191' title='bbox 880 2612 947 2672; x_wconf 82' lang='grc' dir='ltr'><strong><em>τῶν</em></strong></span> <span class='ocrx_word' id='word_1_192' title='bbox 962 2607 1203 2689; x_wconf 87' lang='grc' dir='ltr'><strong><em>πωλουμένων.</em></strong></span> <span class='ocrx_word' id='word_1_193' title='bbox 1230 2603 1281 2671; x_wconf 78' lang='grc' dir='ltr'><strong><em>ἔτι</em></strong></span> <span class='ocrx_word' id='word_1_194' title='bbox 1303 2605 1405 2672; x_wconf 80' lang='grc' dir='ltr'><strong><em>δὲκαὶ</em></strong></span> 
     </span>
     <span class='ocr_line' id='line_1_23' title="bbox 276 2704 1405 2796; baseline 0 -23"><span class='ocrx_word' id='word_1_195' title='bbox 276 2705 383 2786; x_wconf 86' lang='grc' dir='ltr'><strong><em>τόπος</em></strong></span> <span class='ocrx_word' id='word_1_196' title='bbox 405 2733 456 2785; x_wconf 81' lang='grc' dir='ltr'><strong><em>τις</em></strong></span> <span class='ocrx_word' id='word_1_197' title='bbox 479 2707 515 2776; x_wconf 80' lang='grc' dir='ltr'><strong><em>ἐν</em></strong></span> <span class='ocrx_word' id='word_1_198' title='bbox 530 2715 577 2795; x_wconf 77' lang='grc' dir='ltr'><strong><em>τῷ</em></strong></span> <span class='ocrx_word' id='word_1_199' title='bbox 592 2704 777 2796; x_wconf 77' lang='grc' dir='ltr'><strong><em>Ἀθήνησιν</em></strong></span> <span class='ocrx_word' id='word_1_200' title='bbox 792 2707 956 2795; x_wconf 83' lang='grc' dir='ltr'><strong><em>ίμπορίῳ,</em></strong></span> <span class='ocrx_word' id='word_1_201' title='bbox 984 2708 1032 2786; x_wconf 83' lang='grc' dir='ltr'><strong><em>εἰς</em></strong></span> <span class='ocrx_word' id='word_1_202' title='bbox 1048 2707 1089 2776; x_wconf 81' lang='grc' dir='ltr'><strong><em>ὃν</em></strong></span> <span class='ocrx_word' id='word_1_203' title='bbox 1102 2705 1144 2774; x_wconf 88' lang='grc' dir='ltr'><strong><em>τὰ</em></strong></span> <span class='ocrx_word' id='word_1_204' title='bbox 1159 2709 1322 2794; x_wconf 90' lang='grc' dir='ltr'><strong><em>δείγματα</em></strong></span> <span class='ocrx_word' id='word_1_205' title='bbox 1338 2707 1405 2774; x_wconf 75' lang='grc' dir='ltr'><strong><em>ἐκο-</em></strong></span> 
     </span>
     <span class='ocr_line' id='line_1_24' title="bbox 275 2805 1401 2897; baseline -0.003 -23"><span class='ocrx_word' id='word_1_206' title='bbox 275 2810 403 2895; x_wconf 87' lang='grc' dir='ltr'><strong><em>μίζετο,</em></strong></span> <span class='ocrx_word' id='word_1_207' title='bbox 423 2805 530 2888; x_wconf 67' lang='grc' dir='ltr'><strong><em>οὕτως</em></strong></span> <span class='ocrx_word' id='word_1_208' title='bbox 542 2808 705 2877; x_wconf 85' lang='grc' dir='ltr'><strong><em>ίκαλεῑτο.</em></strong></span> <span class='ocrx_word' id='word_1_209' title='bbox 735 2813 816 2878; x_wconf 87' lang='lat' dir='ltr'>Vide</span> <span class='ocrx_word' id='word_1_210' title='bbox 827 2814 921 2878; x_wconf 82' lang='lat' dir='ltr'>etiarn</span> <span class='ocrx_word' id='word_1_211' title='bbox 939 2813 1037 2878; x_wconf 86' lang='lat' dir='ltr'>schol.</span> <span class='ocrx_word' id='word_1_212' title='bbox 1049 2813 1214 2897; x_wconf 85' lang='lat' dir='ltr'>Aristoph.</span> <span class='ocrx_word' id='word_1_213' title='bbox 1229 2813 1310 2896; x_wconf 82' lang='lat' dir='ltr'>squ.</span> <span class='ocrx_word' id='word_1_214' title='bbox 1325 2831 1401 2878; x_wconf 81' lang='lat' dir='ltr'>vers.</span> 
     </span>
     <span class='ocr_line' id='line_1_25' title="bbox 277 2908 1404 3002; baseline -0.004 -24"><span class='ocrx_word' id='word_1_215' title='bbox 277 2917 350 2978; x_wconf 87' lang='grc'>979.</span> <span class='ocrx_word' id='word_1_216' title='bbox 378 2916 561 2997; x_wconf 85' lang='lat' dir='ltr'>Sequuntur</span> <span class='ocrx_word' id='word_1_217' title='bbox 573 2914 652 2980; x_wconf 87' lang='lat' dir='ltr'>haec</span> <span class='ocrx_word' id='word_1_218' title='bbox 664 2915 800 2980; x_wconf 82' lang='lat' dir='ltr'>scholia:</span> <span class='ocrx_word' id='word_1_219' title='bbox 825 2936 859 2999; x_wconf 89' lang='lat' dir='ltr'><strong><em>p.</em></strong></span> <span class='ocrx_word' id='word_1_220' title='bbox 872 2919 1011 2980; x_wconf 60' lang='lat' dir='ltr'>luterens</span> <span class='ocrx_word' id='word_1_221' title='bbox 1026 2918 1219 3000; x_wconf 82' lang='grc' dir='ltr'><strong><em>μακροτέρα</em></strong></span> <span class='ocrx_word' id='word_1_222' title='bbox 1230 2908 1250 3002; x_wconf 81' lang='grc' dir='ltr'><em>ἡ</em></span> <span class='ocrx_word' id='word_1_223' title='bbox 1263 2915 1349 2994; x_wconf 82' lang='grc' dir='ltr'><strong><em>λέξις</em></strong></span> <span class='ocrx_word' id='word_1_224' title='bbox 1358 2916 1404 2997; x_wconf 89' lang='grc' dir='ltr'><strong><em>γί-</em></strong></span> 
     </span>
     <span class='ocr_line' id='line_1_26' title="bbox 276 3007 1495 3103; baseline -0.003 -20"><span class='ocrx_word' id='word_1_225' title='bbox 276 3041 371 3083; x_wconf 88' lang='grc' dir='ltr'><strong><em>νεται</em></strong></span> <span class='ocrx_word' id='word_1_226' title='bbox 386 3029 460 3094; x_wconf 80' lang='grc' dir='ltr'><strong><em>ταις</em></strong></span> <span class='ocrx_word' id='word_1_227' title='bbox 473 3011 724 3083; x_wconf 88' lang='grc' dir='ltr'><strong><em>άναδιπλώσεσι</em></strong></span> <span class='ocrx_word' id='word_1_228' title='bbox 736 3025 803 3083; x_wconf 80' lang='grc' dir='ltr'><strong><em>τῶν</em></strong></span> <span class='ocrx_word' id='word_1_229' title='bbox 816 3015 942 3098; x_wconf 78' lang='grc' dir='ltr'><strong><em>κώλων,</em></strong></span> <span class='ocrx_word' id='word_1_230' title='bbox 959 3019 1104 3083; x_wconf 90' lang='grc' dir='ltr'><strong><em>πλατεῖα</em></strong></span> <span class='ocrx_word' id='word_1_231' title='bbox 1120 3017 1156 3084; x_wconf 79' lang='grc' dir='ltr'><strong><em>δέ</em></strong></span> <span class='ocrx_word' id='word_1_232' title='bbox 1170 3029 1245 3095; x_wconf 84' lang='grc' dir='ltr'><strong><em>ταῖς</em></strong></span> <span class='ocrx_word' id='word_1_233' title='bbox 1258 3039 1404 3103; x_wconf 88' lang='grc' dir='ltr'><strong><em>περιττο-</em></strong></span> <span class='ocrx_word' id='word_1_234' title='bbox 1494 3007 1495 3012; x_wconf 49' lang='grc'>’</span> 
     </span>
     <span class='ocr_line' id='line_1_27' title="bbox 277 3115 1402 3209; baseline -0.004 -25"><span class='ocrx_word' id='word_1_235' title='bbox 277 3121 406 3205; x_wconf 86' lang='grc' dir='ltr'><strong><em>λογίαις</em></strong></span> <span class='ocrx_word' id='word_1_236' title='bbox 418 3127 484 3185; x_wconf 86' lang='grc' dir='ltr'><strong><em>τῶν</em></strong></span> <span class='ocrx_word' id='word_1_237' title='bbox 494 3121 618 3200; x_wconf 80' lang='grc' dir='ltr'><strong><em>λέξειαν</em></strong></span> <span class='ocrx_word' id='word_1_238' title='bbox 629 3121 688 3186; x_wconf 83' lang='grc' dir='ltr'><strong><em>καὶ</em></strong></span> <span class='ocrx_word' id='word_1_239' title='bbox 699 3127 737 3206; x_wconf 82' lang='grc' dir='ltr'><strong><em>τῇ</em></strong></span> <span class='ocrx_word' id='word_1_240' title='bbox 751 3119 973 3206; x_wconf 78' lang='grc' dir='ltr'><strong><em>έπισωρεύσει</em></strong></span> <span class='ocrx_word' id='word_1_241' title='bbox 984 3128 1049 3186; x_wconf 82' lang='grc' dir='ltr'><strong><em>τῶν</em></strong></span> <span class='ocrx_word' id='word_1_242' title='bbox 1060 3115 1239 3204; x_wconf 80' lang='grc' dir='ltr'><strong><em>ὀνομάτων</em></strong></span> <span class='ocrx_word' id='word_1_243' title='bbox 1252 3122 1263 3209; x_wconf 81' lang='grc' dir='ltr'><strong><em>ΙΙ</em></strong></span> <span class='ocrx_word' id='word_1_244' title='bbox 1277 3121 1402 3208; x_wconf 61' lang='lat' dir='ltr'>proisi</span> 
     </span>
     <span class='ocr_line' id='line_1_28' title="bbox 277 3217 1404 3310; baseline -0.002 -22"><span class='ocrx_word' id='word_1_245' title='bbox 277 3223 312 3288; x_wconf 92' lang='lat' dir='ltr'>in</span> <span class='ocrx_word' id='word_1_246' title='bbox 327 3222 469 3289; x_wconf 80' lang='lat' dir='ltr'>Plutonis</span> <span class='ocrx_word' id='word_1_247' title='bbox 485 3223 591 3290; x_wconf 88' lang='lat' dir='ltr'>verbis</span> <span class='ocrx_word' id='word_1_248' title='bbox 606 3223 732 3290; x_wconf 86' lang='lat' dir='ltr'>Menex.</span> <span class='ocrx_word' id='word_1_249' title='bbox 748 3221 825 3287; x_wconf 64' lang='grc' dir='ltr'><strong><em>237δ</em></strong></span> <span class='ocrx_word' id='word_1_250' title='bbox 843 3218 1102 3310; x_wconf 80' lang='grc' dir='ltr'><strong><em>ἀποφηναμένη]</em></strong></span> <span class='ocrx_word' id='word_1_251' title='bbox 1122 3217 1196 3290; x_wconf 83' lang='grc' dir='ltr'><strong><em>άντὶ</em></strong></span> <span class='ocrx_word' id='word_1_252' title='bbox 1212 3230 1273 3290; x_wconf 86' lang='grc' dir='ltr'><strong><em>τοῦ</em></strong></span> <span class='ocrx_word' id='word_1_253' title='bbox 1288 3222 1404 3289; x_wconf 80' lang='grc' dir='ltr'><strong><em>ἐπιδεί-</em></strong></span> 
     </span>
     <span class='ocr_line' id='line_1_29' title="bbox 278 3321 1401 3414; baseline -0.004 -24"><span class='ocrx_word' id='word_1_254' title='bbox 278 3326 365 3405; x_wconf 89' lang='grc' dir='ltr'><strong><em>ξασα</em></strong></span> <span class='ocrx_word' id='word_1_255' title='bbox 381 3323 532 3412; x_wconf 85' lang='grc' dir='ltr'><strong><em>φανερόν</em></strong></span> <span class='ocrx_word' id='word_1_256' title='bbox 551 3327 559 3391; x_wconf 75' lang='lat' dir='ltr'>&#39;i</span> <span class='ocrx_word' id='word_1_257' title='bbox 581 3347 613 3411; x_wconf 90' lang='lat' dir='ltr'><strong><em>p.</em></strong></span> <span class='ocrx_word' id='word_1_258' title='bbox 627 3332 722 3392; x_wconf 85' lang='grc'><strong>11051</strong></span> <span class='ocrx_word' id='word_1_259' title='bbox 746 3331 994 3414; x_wconf 82' lang='grc' dir='ltr'><strong><em>συνέφθαρται]</em></strong></span> <span class='ocrx_word' id='word_1_260' title='bbox 1015 3321 1089 3392; x_wconf 84' lang='grc' dir='ltr'><strong><em>άντλ</em></strong></span> <span class='ocrx_word' id='word_1_261' title='bbox 1104 3334 1165 3392; x_wconf 80' lang='grc' dir='ltr'><strong><em>τοῦ</em></strong></span> <span class='ocrx_word' id='word_1_262' title='bbox 1179 3331 1401 3413; x_wconf 87' lang='grc' dir='ltr'><strong><em>συγκέκραται.</em></strong></span> 
     </span>
    </p>

    <p class='ocr_par' dir='ltr' id='par_1_5' title="bbox 279 3430 1405 4340">
     <span class='ocr_line' id='line_1_30' title="bbox 365 3430 1403 3514; baseline -0.001 -20"><span class='ocrx_word' id='word_1_263' title='bbox 365 3430 470 3495; x_wconf 83' lang='lat' dir='ltr'>Variis</span> <span class='ocrx_word' id='word_1_264' title='bbox 492 3430 629 3513; x_wconf 86' lang='lat' dir='ltr'>denique</span> <span class='ocrx_word' id='word_1_265' title='bbox 644 3431 738 3510; x_wconf 84' lang='lat' dir='ltr'>notis,</span> <span class='ocrx_word' id='word_1_266' title='bbox 764 3431 879 3513; x_wconf 84' lang='lat' dir='ltr'>quibus</span> <span class='ocrx_word' id='word_1_267' title='bbox 896 3431 1037 3514; x_wconf 84' lang='lat' dir='ltr'>capitum</span> <span class='ocrx_word' id='word_1_268' title='bbox 1057 3438 1260 3513; x_wconf 80' lang='lat' dir='ltr'>argumenta,</span> <span class='ocrx_word' id='word_1_269' title='bbox 1280 3432 1403 3514; x_wconf 84' lang='lat' dir='ltr'>scripto·</span> 
     </span>
     <span class='ocr_line' id='line_1_31' title="bbox 281 3530 1401 3616; baseline -0.003 -20"><span class='ocrx_word' id='word_1_270' title='bbox 281 3552 330 3597; x_wconf 85' lang='lat' dir='ltr'>ren</span> <span class='ocrx_word' id='word_1_271' title='bbox 353 3533 488 3612; x_wconf 83' lang='lat' dir='ltr'>laudati,</span> <span class='ocrx_word' id='word_1_272' title='bbox 515 3533 694 3599; x_wconf 82' lang='lat' dir='ltr'>sententiae</span> <span class='ocrx_word' id='word_1_273' title='bbox 717 3533 759 3599; x_wconf 83' lang='lat' dir='ltr'><strong><em>ad</em></strong></span> <span class='ocrx_word' id='word_1_274' title='bbox 781 3553 861 3616; x_wconf 81' lang='lat' dir='ltr'>ques</span> <span class='ocrx_word' id='word_1_275' title='bbox 883 3533 983 3598; x_wconf 85' lang='lat' dir='ltr'>lector</span> <span class='ocrx_word' id='word_1_276' title='bbox 1005 3534 1146 3598; x_wconf 85' lang='lat' dir='ltr'>nnirnurn</span> <span class='ocrx_word' id='word_1_277' title='bbox 1170 3534 1326 3612; x_wconf 75' lang='lat' dir='ltr'>attendet,</span> <span class='ocrx_word' id='word_1_278' title='bbox 1349 3530 1401 3596; x_wconf 89' lang='grc' dir='ltr'><strong>1οοί</strong></span> 
     </span>
     <span class='ocr_line' id='line_1_32' title="bbox 279 3634 1400 3721; baseline -0.005 -20"><span class='ocrx_word' id='word_1_279' title='bbox 279 3635 419 3721; x_wconf 75' lang='lat' dir='ltr'>corrupti</span> <span class='ocrx_word' id='word_1_280' title='bbox 451 3635 643 3718; x_wconf 82' lang='lat' dir='ltr'>indicuntur,</span> <span class='ocrx_word' id='word_1_281' title='bbox 684 3636 858 3702; x_wconf 83' lang='lat' dir='ltr'>rubricator</span> <span class='ocrx_word' id='word_1_282' title='bbox 891 3635 1010 3702; x_wconf 85' lang='lat' dir='ltr'>codicis</span> <span class='ocrx_word' id='word_1_283' title='bbox 1043 3636 1219 3720; x_wconf 82' lang='lat' dir='ltr'>marginem</span> <span class='ocrx_word' id='word_1_284' title='bbox 1253 3634 1400 3711; x_wconf 81' lang='lat' dir='ltr'>instruxit,</span> 
     </span>
     <span class='ocr_line' id='line_1_33' title="bbox 279 3738 1403 3824; baseline -0.003 -20"><span class='ocrx_word' id='word_1_285' title='bbox 279 3759 413 3823; x_wconf 83' lang='lat' dir='ltr'>quarum</span> <span class='ocrx_word' id='word_1_286' title='bbox 442 3758 568 3824; x_wconf 78' lang='lat' dir='ltr'>paucae</span> <span class='ocrx_word' id='word_1_287' title='bbox 597 3739 736 3805; x_wconf 89' lang='lat' dir='ltr'>omnium</span> <span class='ocrx_word' id='word_1_288' title='bbox 766 3739 869 3806; x_wconf 77' lang='lat' dir='ltr'>instar</span> <span class='ocrx_word' id='word_1_289' title='bbox 896 3738 974 3805; x_wconf 85' lang='lat' dir='ltr'>sint:</span> <span class='ocrx_word' id='word_1_290' title='bbox 1010 3759 1042 3824; x_wconf 92' lang='lat' dir='ltr'><strong><em>p.</em></strong></span> <span class='ocrx_word' id='word_1_291' title='bbox 1069 3744 1160 3805; x_wconf 79' lang='grc'><strong>45511</strong></span> <span class='ocrx_word' id='word_1_292' title='bbox 1190 3740 1270 3823; x_wconf 82' lang='grc' dir='ltr'><strong><em>περὶ</em></strong></span> <span class='ocrx_word' id='word_1_293' title='bbox 1292 3741 1403 3824; x_wconf 83' lang='grc' dir='ltr'><strong><em>κυρίων</em></strong></span> 
     </span>
     <span class='ocr_line' id='line_1_34' title="bbox 280 3835 1402 3928; baseline -0.005 -23"><span class='ocrx_word' id='word_1_294' title='bbox 280 3842 338 3906; x_wconf 83' lang='grc' dir='ltr'><strong><em>καί</em></strong></span> <span class='ocrx_word' id='word_1_295' title='bbox 362 3847 483 3908; x_wconf 84' lang='grc' dir='ltr'><strong><em>κοινῶν</em></strong></span> <span class='ocrx_word' id='word_1_296' title='bbox 511 3835 690 3924; x_wconf 80' lang='grc' dir='ltr'><strong><em>ὀνομάτων</em></strong></span> <span class='ocrx_word' id='word_1_297' title='bbox 704 3841 717 3926; x_wconf 80' lang='grc' dir='ltr'><strong><em>ΙΙ</em></strong></span> <span class='ocrx_word' id='word_1_298' title='bbox 739 3848 829 3908; x_wconf 70' lang='lat' dir='ltr'>cern</span> <span class='ocrx_word' id='word_1_299' title='bbox 854 3842 935 3924; x_wconf 82' lang='grc' dir='ltr'><strong><em>περί</em></strong></span> <span class='ocrx_word' id='word_1_300' title='bbox 963 3847 1021 3928; x_wconf 79' lang='grc' dir='ltr'><strong><em>τῆς</em></strong></span> <span class='ocrx_word' id='word_1_301' title='bbox 1044 3846 1335 3928; x_wconf 85' lang='grc' dir='ltr'><strong><em>συνεστραμμένης</em></strong></span> <span class='ocrx_word' id='word_1_302' title='bbox 1354 3837 1402 3902; x_wconf 84' lang='grc' dir='ltr'><strong><em>καὶ</em></strong></span> 
     </span>
     <span class='ocr_line' id='line_1_35' title="bbox 281 3941 1400 4032; baseline -0.005 -22"><span class='ocrx_word' id='word_1_303' title='bbox 281 3942 484 4030; x_wconf 86' lang='grc' dir='ltr'><strong><em>στρογγύλης</em></strong></span> <span class='ocrx_word' id='word_1_304' title='bbox 500 3945 621 4024; x_wconf 89' lang='grc' dir='ltr'><strong><em>λέξεως</em></strong></span> <span class='ocrx_word' id='word_1_305' title='bbox 630 3943 641 4032; x_wconf 87' lang='grc' dir='ltr'><strong><em>Ι]</em></strong></span> <span class='ocrx_word' id='word_1_306' title='bbox 655 3949 731 4010; x_wconf 80' lang='grc'><strong>4651</strong></span> <span class='ocrx_word' id='word_1_307' title='bbox 748 3966 789 4031; x_wconf 89' lang='grc' dir='ltr'><strong><em>οη</em></strong></span> <span class='ocrx_word' id='word_1_308' title='bbox 796 3948 963 4028; x_wconf 86' lang='grc' dir='ltr'><strong><em>(μείωσ]αι</em></strong></span> <span class='ocrx_word' id='word_1_309' title='bbox 977 3948 1011 4008; x_wconf 90' lang='grc' dir='ltr'><strong><em>τί</em></strong></span> <span class='ocrx_word' id='word_1_310' title='bbox 1026 3943 1118 4010; x_wconf 81' lang='grc' dir='ltr'><strong><em>ἐστιν</em></strong></span> <span class='ocrx_word' id='word_1_311' title='bbox 1133 3941 1310 4032; x_wconf 74' lang='grc' dir='ltr'><strong><em>ἐνάργεια]</em></strong></span> <span class='ocrx_word' id='word_1_312' title='bbox 1324 3944 1400 4006; x_wconf 72' lang='lat' dir='ltr'><strong><em>roso</em></strong></span> 
     </span>
     <span class='ocr_line' id='line_1_36' title="bbox 281 4043 1402 4135; baseline -0.007 -21"><span class='ocrx_word' id='word_1_313' title='bbox 281 4047 400 4114; x_wconf 81' lang='grc' dir='ltr'><strong><em>έπεται</em></strong></span> <span class='ocrx_word' id='word_1_314' title='bbox 415 4049 428 4134; x_wconf 72' lang='grc' dir='ltr'><strong><em>ΙΙ</em></strong></span> <span class='ocrx_word' id='word_1_315' title='bbox 445 4050 520 4114; x_wconf 68' lang='grc'><strong><em>7575</em></strong></span> <span class='ocrx_word' id='word_1_316' title='bbox 544 4069 584 4135; x_wconf 89' lang='grc' dir='ltr'><strong><em>οη</em></strong></span> <span class='ocrx_word' id='word_1_317' title='bbox 592 4049 715 4131; x_wconf 76' lang='grc' dir='ltr'><strong><em>(μείωσ)</em></strong></span> <span class='ocrx_word' id='word_1_318' title='bbox 723 4072 759 4111; x_wconf 92' lang='grc' dir='ltr'><strong><em>αι</em></strong></span> <span class='ocrx_word' id='word_1_319' title='bbox 780 4047 823 4112; x_wconf 82' lang='lat' dir='ltr'><strong><em>ad</em></strong></span> <span class='ocrx_word' id='word_1_320' title='bbox 838 4049 986 4113; x_wconf 78' lang='lat' dir='ltr'>lacunam</span> <span class='ocrx_word' id='word_1_321' title='bbox 1001 4047 1084 4112; x_wconf 83' lang='lat' dir='ltr'>inter</span> <span class='ocrx_word' id='word_1_322' title='bbox 1103 4044 1271 4126; x_wconf 74' lang='grc' dir='ltr'><strong><em>ἐξετάζειν</em></strong></span> <span class='ocrx_word' id='word_1_323' title='bbox 1289 4058 1320 4112; x_wconf 90' lang='lat' dir='ltr'><strong><em>et</em></strong></span> <span class='ocrx_word' id='word_1_324' title='bbox 1334 4043 1402 4109; x_wconf 81' lang='grc' dir='ltr'><strong><em>έπε-</em></strong></span> 
     </span>
     <span class='ocr_line' id='line_1_37' title="bbox 280 4143 1405 4237; baseline -0.004 -23"><span class='ocrx_word' id='word_1_325' title='bbox 280 4147 437 4237; x_wconf 71' lang='grc' dir='ltr'><strong><em>δαλδμην</em></strong></span> <span class='ocrx_word' id='word_1_326' title='bbox 463 4150 658 4236; x_wconf 78' lang='lat' dir='ltr'>adscriptum</span> <span class='ocrx_word' id='word_1_327' title='bbox 681 4151 694 4233; x_wconf 92' lang='grc'><strong><em>11</em></strong></span> <span class='ocrx_word' id='word_1_328' title='bbox 721 4153 797 4215; x_wconf 82' lang='grc'><strong>8151</strong></span> <span class='ocrx_word' id='word_1_329' title='bbox 821 4145 927 4235; x_wconf 86' lang='grc' dir='ltr'><strong><em>ὡραία</em></strong></span> <span class='ocrx_word' id='word_1_330' title='bbox 951 4147 1062 4235; x_wconf 88' lang='grc' dir='ltr'><strong><em>γνώμη</em></strong></span> <span class='ocrx_word' id='word_1_331' title='bbox 1084 4151 1098 4236; x_wconf 89' lang='grc' dir='ltr'><strong><em>Ι]</em></strong></span> <span class='ocrx_word' id='word_1_332' title='bbox 1125 4151 1202 4214; x_wconf 78' lang='grc'><strong><em>9721</em></strong></span> <span class='ocrx_word' id='word_1_333' title='bbox 1226 4143 1405 4232; x_wconf 86' lang='grc' dir='ltr'><strong><em>πινδάρου]</em></strong></span> 
     </span>
     <span class='ocr_line' id='line_1_38' title="bbox 285 4249 1080 4340; baseline -0.003 -22"><span class='ocrx_word' id='word_1_334' title='bbox 285 4257 394 4320; x_wconf 79' lang='lat' dir='ltr'>rosen</span> <span class='ocrx_word' id='word_1_335' title='bbox 424 4253 473 4330; x_wconf 84' lang='grc' dir='ltr'><strong><em>είς</em></strong></span> <span class='ocrx_word' id='word_1_336' title='bbox 495 4251 537 4318; x_wconf 90' lang='grc' dir='ltr'><strong><em>τὰ</em></strong></span> <span class='ocrx_word' id='word_1_337' title='bbox 558 4258 642 4340; x_wconf 85' lang='grc' dir='ltr'><strong><em>μέρη</em></strong></span> <span class='ocrx_word' id='word_1_338' title='bbox 666 4259 733 4319; x_wconf 84' lang='grc' dir='ltr'><strong><em>τῶν</em></strong></span> <span class='ocrx_word' id='word_1_339' title='bbox 754 4253 938 4318; x_wconf 79' lang='grc' dir='ltr'><strong><em>πολιτικῶν</em></strong></span> <span class='ocrx_word' id='word_1_340' title='bbox 959 4249 1080 4338; x_wconf 89' lang='grc' dir='ltr'><strong><em>λόγων.</em></strong></span> 
     </span>
    </p>
   </div>
   <div class='ocr_carea' id='block_1_5' title="bbox 0 0 1514 4892">
    <p class='ocr_par' dir='ltr' id='par_1_6' title="bbox 0 0 1514 4892">
     <span class='ocr_line' id='line_1_39' title="bbox 0 0 1514 4892; baseline 0 0"><span class='ocrx_word' id='word_1_341' title='bbox 0 0 1514 4892; x_wconf 95' lang='lat' dir='ltr'><strong><em> </em></strong></span> 
     </span>
    </p>
   </div>
  </div>
 </body>
</html>
