3010 4896
269 325 313 389 se
717 361 759 371 -
805 323 879 407 [oo]
928 361 967 372 -

269 519 344 584 nino
367 540 430 585 non
451 523 528 602 apta
549 518 654 584 inisse.
700 518 895 603 Quamquam
918 517 958 583 de
976 517 1036 583 bac
1057 537 1092 582 re
1110 517 1279 602 disceptari
1301 523 1413 601 potest

269 625 478 709 Antiquitatis
518 627 602 690 enim
642 624 784 690 homines
825 626 900 708 quin
948 625 987 689 de
1032 624 1093 691 hoc
1132 627 1261 708 poeseos
1301 645 1414 708 genere

269 734 363 798 aliter
394 731 549 798 senserint
580 737 677 814 atque
708 737 818 798 nostra
848 737 938 797 aetas
968 731 1078 816 procul
1106 731 1203 797 dnbio
1230 737 1286 796 est
1330 731 1414 810 Qnin

269 841 364 906 etiam
392 861 454 924 quo
483 838 635 922 probetur
656 839 690 902 in
718 839 899 903 litterarum
921 838 1012 903 ludos
1036 838 1236 904 collectiones
1258 837 1414 922 Theogni-

270 948 347 1013 deas
370 947 445 1013 olim
468 951 612 1029 receptes
634 943 741 1021 fuisse,
763 950 949 1029 argumento
971 944 1027 1010 illo
1050 945 1099 1010 nti
1117 945 1226 1028 possis,
1248 947 1332 1031 quod
1351 947 1414 1011 col-

268 1056 439 1120 lectionum
461 1053 589 1118 illamm
611 1052 766 1135 quaedam
790 1052 830 1118 ad
855 1050 1004 1116 similium
1026 1051 1249 1118 vocabulorum
1272 1053 1416 1119 ordinem

270 1163 436 1226 videantur
459 1158 555 1224 fuisse
578 1159 779 1242 compositae.
825 1157 872 1224 Ut
899 1159 982 1222 enirn
1009 1179 1178 1242 puerorum
1204 1161 1357 1225 memoria
1383 1161 1416 1223 in

270 1267 445 1334 ediscendis
469 1265 660 1330 carminibus
683 1286 741 1331 nec
763 1263 828 1330 ullo
851 1265 1000 1330 mutinuo
1023 1265 1134 1330 ordine
1154 1268 1338 1352 conscriptis
1356 1288 1417 1332 neo

270 1381 380 1460 aperto
399 1373 625 1440 sententiarum
645 1393 725 1438 nexu
744 1371 899 1456 copulatis
916 1373 1129 1450 adimeretur,
1148 1371 1316 1438 artificium
1334 1373 1415 1438 illud

270 1481 323 1546 filo
360 1481 494 1565 quodam
536 1484 689 1564 perpetuo
727 1478 851 1560 singula
887 1478 1096 1563 coniungendi
1132 1479 1310 1545 adhibitum
1347 1499 1416 1544 esse

270 1587 446 1672 suspiceris.
502 1585 598 1651 Cuius
634 1586 749 1650 miselli
785 1583 913 1651 artificii
943 1587 1077 1669 vestigia
1113 1592 1238 1652 nostras
1274 1608 1417 1653 servasse

269 1695 406 1780 syllegae
434 1701 465 1759 et
488 1691 644 1760 Welolreri
673 1701 705 1758 et
728 1692 898 1758 Nietuschii
926 1693 1205 1760 commentationes
1233 1695 1309 1759 satis
1332 1695 1417 1759 dilu-

271 1801 340 1868 cide
371 1807 570 1886 aperuerunt
620 1800 731 1882 Itaque
763 1820 953 1884 quamquam
985 1805 1112 1866 nostrae
1144 1801 1344 1867 collectiones
1378 1825 1418 1867 ex

270 1909 458 1993 archetypis,
481 1907 534 1991 qui
553 1927 574 1970 s
591 1907 804 1990 grammaticis
822 1907 864 1972 ad
882 1907 1093 1972 instituendos
1111 1929 1226 1991 pueros
1245 1910 1416 1992 conscripti

271 2017 346 2081 olim
369 2014 504 2090 fuerant,
527 2019 692 2098 excerptae
715 2013 876 2090 videntur,
903 2021 1008 2079 tamen
1032 2014 1127 2099 ipsae,
1150 2035 1229 2097 quas
1252 2037 1335 2081 nunc
1357 2015 1417 2080 ha·

270 2122 392 2199 bemus,
423 2127 531 2185 utrum
563 2120 646 2185 idem
678 2121 890 2204 spectaverint
921 2141 962 2184 an
994 2120 1081 2186 aliud
1108 2123 1213 2188 nescio
1241 2123 1331 2206 qnid,
1365 2123 1418 2186 vix

270 2229 451 2294 coniciendo
474 2226 606 2310 adsequi
628 2227 809 2310 poterimus.

794 2536 866 2616 lX.

229 2793 231 2798 ·
361 2762 522 2826 Postremo
532 2759 668 2824 alterum
682 2760 853 2844 elegiarum
869 2759 993 2837 librum,
1008 2761 1062 2843 qui
1077 2760 1110 2824 in
1124 2781 1187 2825 nno
1201 2759 1308 2826 codiee
1317 2759 1418 2825 Muti-

271 2871 359 2935 nensi
383 2875 524 2935 servatus
547 2872 608 2944 est,
636 2866 818 2932 brevissime
841 2867 1096 2951 contemplemur.
1147 2867 1234 2932 Haec
1257 2868 1418 2951 fragmen-

271 2983 376 3041 torum
391 2975 510 3060 sylloge
525 2995 561 3039 eo
572 2974 769 3058 potissimum
783 2995 803 3038 a
816 2974 922 3058 priore
936 2972 1019 3038 libro
1029 2974 1196 3058 discrepat,
1211 2977 1294 3058 qnod
1304 2995 1418 3058 quam-

272 3106 366 3167 quam
389 3082 513 3166 singula
535 3082 568 3146 in
592 3101 628 3146 eo
651 3078 830 3164 fragmenta
847 3081 950 3146 minus
970 3086 1045 3164 apte
1064 3081 1249 3165 plerumque
1267 3087 1420 3164 congesta

272 3195 358 3266 sunt,
385 3190 490 3254 omnia
516 3193 623 3253 tamen
647 3189 680 3251 in
703 3188 813 3252 eodem
836 3187 902 3253 fere
924 3193 1111 3270 argumento
1134 3194 1310 3265 versantur,
1338 3210 1419 3272 pue-

272 3318 377 3362 rorum
405 3316 526 3361 amore:
558 3300 595 3359 ut
621 3293 674 3360 hic
696 3294 778 3359 liber
805 3298 924 3359 Μοῦσα
947 3291 1085 3381 neodem}
1112 3318 1133 3360 a
1159 3294 1323 3362 Welelero
1351 3315 1417 3360 non

271 3403 389 3468 inimia
406 3402 583 3488 appellatus
602 3401 652 3466 sit.
689 3401 805 3484 Incipit
823 3407 930 3466 autem
948 3401 1033 3466 adei
1047 3393 1191 3486 Ἔρωτος
1205 3401 1404 3468 invocatione
1410 3426 1418 3476 ;

272 3511 304 3574 in
328 3511 373 3575 eis
396 3531 475 3594 quae
499 3514 673 3593 sequuntur
701 3507 886 3592 fragmentis
908 3508 1052 3591 plurimis
1075 3530 1173 3592 puero
1195 3515 1301 3574 amato
1323 3529 1417 3591 prae-

272 3623 364 3701 cepta
386 3618 502 3681 dantur
525 3616 688 3692 amatoria,
712 3607 863 3680 immixtis
886 3615 1051 3680 sententiis
1074 3613 1233 3682 nonnullis
1251 3615 1291 3680 de
1309 3635 1418 3681 amore

272 3723 478 3789 sollemnibus
502 3723 572 3808 (cfr.
599 3743 625 3787 e.
654 3744 682 3807 g.
708 3722 835 3787 1275-
850 3722 950 3806 1278)
974 3729 1006 3786 et
1029 3723 1136 3806 elegiis
1159 3723 1201 3787 ad
1224 3721 1418 3788 Simonidem

273 3831 420 3904 conditis3
445 3829 488 3895 ad
510 3827 648 3913 Cyrnum
670 3829 806 3912 denique
830 3829 938 3912 scripti
962 3835 1035 3894 sunt
1058 3849 1164 3894 versus
1189 3828 1419 3894 1353—1356.

273 3936 460 4018 Plerumque
483 3941 587 4001 tamen
610 3957 673 4001 non
696 3942 801 4002 certae
824 3956 976 4019 personae
995 3937 1027 4000 in
1046 3935 1237 4001 carminibus
1255 3935 1418 4020 appellam-

272 4049 338 4120 tur,
370 4043 426 4108 sed
454 4043 543 4108 nullo
570 4043 711 4108 exhibito
744 4044 870 4108 nomine
897 4063 977 4126 puer
1003 4049 1127 4108 amatus
1155 4042 1259 4108 verbis
1290 4031 1319 4108 oi
1347 4057 1418 4110 παῖ.

361 4147 493 4234 Singula
528 4149 622 4216 huius
658 4149 732 4214 libri
764 4149 942 4233 fragmenta
972 4171 1043 4214 cum
1074 4151 1302 4214 sententiarum
1333 4171 1418 4215 nexu

272 4257 374 4323 laxius
402 4257 485 4322 inter
512 4277 545 4322 se
572 4255 775 4334 cohaereant,
806 4263 936 4323 externo
963 4255 1185 4323 vocabulorum
1213 4257 1338 4323 maculo
1365 4279 1418 4324 co-

273 4385 354 4429 nexa
381 4383 418 4430 ea
445 4385 511 4429 esse
539 4363 756 4434 demonstrare
783 4363 904 4430 studuit
927 4363 1133 4431 Nietzschius.
1178 4364 1288 4447 Neque
1311 4371 1418 4430 temen
