2994 4890
250 301 309 363 rsa
683 331 728 343 -
775 297 858 380 [aas]
906 333 950 344 -

122 557 130 570 ρ
245 490 369 552 992υ55
390 479 514 573 ἡδονῆς
529 478 563 550 d'
579 481 645 570 ἄρα
660 485 718 550 καί
733 489 881 562 πειθοῦς
897 487 953 550 καί
968 489 1118 572 χαρίτων
1132 491 1253 571 καιροῦ
1274 507 1309 548 τε
1332 483 1385 548 καί

246 596 312 655 τῶν
334 583 456 670 ἄλλων,
492 585 513 652 ἃ
536 594 623 653 πᾶσι
645 599 716 664 τοῖς
738 594 929 665 Λυσιακοῖς
954 586 1103 654 ἐπανθεῖ
1128 585 1243 673 λόχοις
1253 591 1289 671 ¹),
1323 575 1387 672 ἆρα

247 687 322 775 οῦχί
351 691 461 778 πολλὴ
484 703 603 778 μοῖρα;
648 695 759 757 107135
790 689 940 758 ἐπανθεῖ
966 714 1017 768 τις
1048 686 1167 769 αὐτοῖς
1194 698 1298 774 χνοῦς
1329 685 1388 776 ἆρ-

245 793 427 883 χαιοπινὴς
449 796 507 860 καὶ
520 792 618 882 χάρις
635 789 808 878 ἀβίαστος.
857 796 965 862 Verba
985 797 1044 860 καί
1058 789 1143 880 τίςῆ
1166 795 1276 880 aliquo
1293 795 1387 861 modo

246 899 402 982 originem
436 898 569 964 duxisse
603 898 779 983 auspiceris
808 919 827 966 e
857 919 890 984 p.
915 903 1022 964 4751ss
1057 905 1156 964 τοῦτο
1194 892 1287 984 κάγὼ
1319 909 1388 975 τοῖς

247 996 515 1087 ἀναγινώσκουσι
543 997 604 1068 τὸν
624 1005 765 1068 Λυσίαν
794 1003 865 1066 καί
893 1007 957 1079 τίς
983 996 1003 1087 ἡ
1027 996 1114 1090 παρ’
1141 995 1233 1087 αὐτῷ
1260 999 1387 1088 χάρις

247 1104 319 1172 ἐστὶ
340 1106 561 1188 βουλομένοις
583 1109 713 1187 μαθεῖν
733 1099 932 1192 ίποθείμην
955 1100 998 1172 ἂν
1020 1103 1242 1193 ἐπιτηδεύειν.

333 1245 365 1310 p.
385 1227 492 1290 478rss
520 1225 612 1308 legas
645 1221 793 1308 peditura
823 1219 857 1290 δ’
880 1223 1010 1309 ἐγένετό
1045 1249 1104 1308 μοι
1136 1225 1388 1312 καταφανὲς

250 1325 460 1414 [καταφανὴς
482 1329 533 1412 R],
569 1321 622 1393 ὅτι
652 1321 714 1410 οὐχ
742 1321 807 1393 ὑπ’
834 1327 964 1394 ἐκείνου
994 1335 1055 1394 τοῦ
1084 1325 1226 1415 ῥήτορος
1256 1325 1385 1416 ἐγράφη

251 1435 306 1514 (se.
327 1425 441 1517 ὃπερί
463 1437 522 1516 τῆς
541 1425 754 1518 Ἰφικράτους
777 1429 907 1509 εἰκόνος
923 1428 1031 1517 λόγος]
1053 1429 1132 1510 τοὺς
1144 1429 1290 1518 χρόνους
1305 1427 1387 1499 ἅνα-

247 1534 471 1618 ίογισαμίνῳ.

333 1659 365 1722 p.
385 1639 507 1702 48lress
533 1635 580 1700 Τὸ
604 1633 785 1722 κράτιστόν
808 1635 880 1702 ἐστι
893 1641 959 1704 τῶν
973 1639 1112 1702 Λυσίου
1131 1635 1240 1722 ἐργων
1254 1637 1311 1702 καί
1326 1661 1388 1718 χα-

247 1735 622 1826 ρακτηριστικώτατονῖ)
651 1745 710 1815 τῖς
733 1737 909 1821 δυνάμεως
930 1732 949 1826 ἦ
966 1736 1141 1822 κοσμοῦσά
1161 1763 1196 1804 τε
1212 1740 1271 1804 καὶ
1286 1734 1386 1804 ἀνθί-

248 1841 353 1921 ζουσα
376 1839 437 1929 τὴν
459 1842 551 1920 λέξιν
573 1835 678 1908 αὐτοῦ
699 1840 797 1928 χάρις
819 1841 903 1908 FM:
935 1843 992 1907 καί
1015 1839 1059 1907 τὸ
1082 1841 1387 1929 χαρακτηριστικώ-

247 1969 350 2011 τατον
372 1947 410 2011 R.
457 1946 523 2011 Aut
543 1946 676 2030 volgata
703 1945 798 2011 ieetio
825 1945 1011 2030 recipienda
1032 1951 1082 2011 est
1104 1953 1169 2028 aut,
1202 1946 1230 2010 si
1260 1945 1385 2012 codices
1482 1937 1483 1990 f

246 2048 418 2131 sequimur,
439 2049 538 2114 verba
552 2052 611 2134 τῆς
626 2046 801 2129 δυνάμεως
816 2047 956 2113 delenda
971 2054 1057 2114 sunt.
1091 2045 1263 2126 Quaeritur
1277 2049 1381 2131 igitur,

247 2159 352 2216 utrum
374 2150 526 2216 idoneum
542 2169 673 2216 sensum
696 2151 779 2217 haee
800 2151 979 2236 praebeant
992 2170 1104 2216 necne.
1145 2152 1280 2216 Prorsus
1301 2151 1384 2217 idem

246 2254 358 2320 volunt
380 2261 476 2337 atque
497 2253 554 2319 illa
575 2251 617 2318 τὰ
631 2257 769 2319 Λυσίου
784 2251 884 2340 ἔρνος
910 2253 968 2320 sed
984 2253 1064 2320 haee
1079 2254 1179 2320 verba
1195 2253 1383 2338 exquisitius

247 2357 429 2424 dictasunt
451 2363 547 2439 atque
571 2357 612 2422 de
635 2357 754 2442 Lysiae
776 2357 948 2423 virtutibus
970 2357 1073 2442 primo
1100 2357 1162 2423 hoe
1191 2359 1262 2424 loeo
1292 2378 1382 2423 usur-

247 2467 372 2545 pantur,
400 2466 510 2526 eontra
533 2457 675 2542 δύναμις
697 2461 817 2525 usitata
846 2466 896 2526 est
925 2479 987 2526 vox
1015 2465 1048 2526 et
1077 2459 1223 2544 singulas
1253 2460 1387 2526 virtutes
1481 2529 1482 2532 ,

248 2561 433 2645 significans
448 2563 549 2628 veluti
570 2583 603 2647 p.
622 2565 714 2628 47355
738 2556 822 2627 ὥστε
838 2563 869 2627 οῖ’
883 2585 934 2639 τις
950 2556 1059 2650 ἀξιοίη
1076 2558 1165 2647 λόγῳ
1181 2563 1385 2650 διδαχθῆναι

247 2662 373 2752 ταύτην
394 2663 456 2752 τὴν
477 2663 633 2747 δύναμιν,
656 2660 729 2751 ἥτις
751 2659 832 2730 πότ’
858 2663 950 2732 ἐστιν
972 2671 1004 2731 et
1026 2671 1125 2731 totam
1141 2665 1261 2751 Lysiae
1284 2665 1384 2731 facul·
1481 2681 1482 2732 i

249 2776 361 2848 tatem,
395 2775 432 2834 ut
453 2790 485 2853 p.
506 2770 598 2833 assas
629 2766 670 2835 ὃν
691 2762 758 2833 οἷδ’
783 2762 839 2833 ὅτι
860 2769 983 2833 πολλοί
1005 2768 1062 2834 καί
1088 2775 1285 2855 χαρακτῆρα
1306 2762 1383 2854 ἡγη-
1481 2741 1482 2772 ¹

248 2894 364 2938 σαιντο
390 2867 431 2938 ἂν
453 2872 511 2936 καί
532 2868 661 2938 κανόνα
683 2877 742 2958 τῆς
765 2869 895 2938 ἐκείνου
923 2867 1110 2953 δυνάμεως.
1155 2871 1264 2937 Verba
1289 2871 1384 2955 igitur

247 2982 305 3062 τῆς
317 2973 492 3057 δυνάμεως
504 2973 536 3038 h.
547 2975 570 3040 l.
585 2975 709 3040 nullam
721 2975 849 3040 omnino
860 2975 925 3040 vim
938 2974 1067 3041 habent.
1101 2973 1277 3040 Offendunt
1287 2993 1381 3059 prae-

247 3086 337 3145 terea
358 3078 548 3163 superlativi
570 3077 697 3145 diverse
720 3078 868 3159 adhibiti,
893 3097 1028 3160 quorum
1051 3078 1132 3143 alter
1151 3074 1188 3142 τὸ
1207 3076 1382 3163 κράτιστον

248 3182 399 3248 adieetivi
414 3180 537 3247 vicibus
555 3181 710 3264 fungitur,
737 3182 820 3246 alter
841 3179 879 3246 τὸ
894 3177 1287 3268 χαρακτηριστικώτατον
1308 3181 1381 3246 sub-

248 3284 391 3350 stantivi.
444 3283 512 3350 Has
546 3285 587 3350 ob
620 3301 737 3350 causas
771 3283 897 3350 codices
929 3283 998 3349 veri
1031 3282 1204 3367 vestigium
1238 3301 1379 3350 servasse

247 3405 382 3468 denseo,
415 3406 496 3469 quos
519 3393 648 3452 secutus
678 3387 782 3452 seribo
807 3385 845 3451 τὸ
869 3384 1050 3472 κράτιστόν
1072 3383 1143 3452 ἐστι
1164 3391 1230 3452 τῶν
1250 3389 1379 3452 Λυσίου

247 3488 356 3576 ἐρχων
371 3490 429 3553 καί
442 3486 834 3576 χαρακτηριστικώτατον
856 3483 875 3576 ἦ
895 3539 901 3553 .
920 3539 926 3554 .
945 3539 951 3552 .
976 3487 1086 3576 χάρις.
1133 3489 1224 3555 Idem
1239 3485 1378 3574 Dionysii

247 3593 444 3659 consuetudo
467 3593 600 3677 probat;
632 3591 673 3658 ei.
699 3612 731 3676 p.
753 3595 858 3658 784555
881 3591 1076 3658 τελευταῖόν
1099 3590 1170 3658 ἐστι
1192 3597 1258 3658 τῶν
1280 3591 1379 3678 ἔργον
1480 3623 1481 3664 ;

247 3689 431 3762 αὐτοῦκαὶ
452 3693 855 3783 χαρακτηριστικώτατον.
902 3697 1009 3761 dieas
1032 3693 1157 3782 ταύτην
1178 3695 1243 3778 μέν
1265 3693 1303 3784 δι’]
1328 3696 1373 3777 [se.
1480 3711 1481 3738 ί

246 3798 308 3887 τὴν
335 3797 445 3885 χάριν)
473 3801 655 3885 κρατίστην
689 3823 724 3864 τε
755 3793 877 3886 ἀρετὴν
905 3800 963 3863 καί
990 3795 1377 3887 χαρακτηριστικωτάτην
1407 3817 1413 3838 “

247 3909 305 3989 τῆς
326 3905 464 3968 Λυσίου
486 3901 607 3980 λέξεως
630 3900 734 3986 ἔγωγε
756 3905 907 3985 τίθεμαι.
954 3901 1062 3969 Verba
1083 3901 1183 3988 igitur
1206 3910 1264 3990 τῆς
1286 3895 1377 3968 δυνά-

250 4043 456 4054 ψ...-

318 4127 334 4189 ¹]
356 4130 414 4184 τοῖς
426 4121 521 4184 ἄλλοις
533 4123 643 4178 ἅπασιν
655 4123 674 4176 ἃ
685 4129 744 4184 τοῖς
757 4125 909 4183 Λυσιακοῖς
922 4122 1102 4179 ἐπανθοῦσιν
1114 4123 1184 4189 MR,
1199 4141 1269 4180 eoru.
1282 4123 1353 4195 sylb.
1366 4123 1370 4188 ζ,

247 4209 267 4274 ²)
287 4207 563 4282 lassstuumdmor
575 4211 605 4274 F,
626 4207 899 4284 χαρακτηρικώτεροκ
917 4209 953 4265 Μ.
