3034 4896
727 379 771 390 -
815 345 942 406 64·-

269 551 425 612 oeremnn,
453 551 509 596 our
531 553 610 615 quae
631 551 689 616 pro
711 553 789 614 qaae
813 530 965 615 seriptum
988 537 1091 610 esset,
1118 529 1206 594 nullo
1230 527 1324 592 modo
1353 527 1404 591 in-

269 635 486 719 tellegeretur.
533 634 651 700 Contra
673 633 700 700 si
723 632 765 700 ad
787 640 886 699 totum
909 630 991 697 illud
1013 631 1212 697 enuntiatum

541 737 682 802 dominos
704 737 788 801 acrio
809 736 998 816 adsciscant,
1025 735 1129 799 omnia
1147 755 1241 818 porse

426 863 502 926 quos
524 841 632 904 miseri
652 842 792 920 credunt,

269 943 453 1028 pertineret,
480 945 565 1028 qnod
584 963 643 1028 pro
667 965 746 1028 qaae
768 941 971 1009 scribendum
986 948 1067 1008 erat.
1099 938 1223 1017 Quodsi
1240 939 1315 1005 illos
1331 959 1408 1004 ver-

269 1067 324 1112 sus
353 1047 534 1128 secluseris,
560 1047 660 1113 verba
683 1069 762 1131 qaae
783 1045 848 1110 ndi
866 1045 988 1128 respuis
1010 1066 1049 1108 ea
1070 1045 1173 1108 animo
1204 1042 1300 1108 facile
1331 1061 1409 1127 per-

268 1150 371 1216 tinent
392 1149 434 1216 ad
457 1151 556 1216 verba

400 1259 440 1318 50
463 1262 567 1317 cetera
590 1275 669 1336 quoe
678 1252 761 1337 fieri
782 1252 815 1314 in
839 1251 932 1316 terrr's
955 1252 1100 1335 caeloque
1124 1259 1250 1314 tuentur

467 1457 544 1522 duee
556 1458 691 1543 sacr‘urrt
713 1457 833 1521 arsimus
855 1456 992 1520 humilis.

269 1560 355 1628 Dicit
376 1559 475 1644 igitur
496 1567 600 1645 poeta,
627 1558 784 1626 honifiois
806 1561 871 1626 illis
894 1560 1000 1639 rebus,
1027 1558 1165 1640 quaein
1187 1557 1280 1624 terris
1296 1558 1410 1622 eaelo

268 1683 331 1744 que
354 1663 441 1743 fiant,
468 1665 628 1730 neminem
651 1664 773 1728 moveri
795 1663 912 1729 debere
934 1661 1026 1743 adeo,
1060 1668 1096 1726 ut
1117 1660 1271 1744 originem
1294 1679 1408 1725 eorum

268 1787 288 1832 a
310 1766 379 1833 deis
402 1766 499 1833 duoat
521 1786 640 1849 eosque
662 1788 735 1833 oum
757 1767 853 1832 rebus
873 1765 1056 1849 coniungat,
1082 1783 1165 1846 qnae
1180 1763 1228 1829 eis
1249 1761 1412 1846 indignae

269 1871 458 1952 alienaeque
481 1870 572 1954 pacis
595 1889 702 1936 eorum
726 1870 800 1935 sint.

354 1975 517 2040 Postremo
540 1971 859 2039 animadvertendum
882 1980 949 2051 est,
983 1977 1135 2052 quantum
1166 1970 1248 2036 inter
1271 1989 1328 2036 eas
1350 1988 1410 2036 res

266 2076 408 2156 intersit,
440 2096 522 2159 quae
550 2077 584 2142 in
607 2076 718 2158 quinto
741 2082 773 2141 et
794 2075 827 2140 in
850 2081 941 2140 sexto
964 2075 1044 2139 libro
1066 2073 1197 2154 deorum
1221 2072 1409 2156 opinionem

266 2181 419 2246 excitent.
450 2180 488 2244 In
504 2180 614 2262 quinto
630 2186 755 2262 speetut
766 2177 931 2244 Lueretius
947 2176 990 2243 ad
1005 2175 1258 2260 magnitudinem
1270 2181 1303 2241 et
1314 2175 1407 2240 ordi·

268 2303 340 2349 nem
356 2302 460 2348 remm
476 2282 598 2360 mundi,
616 2281 805 2365 praesertim
820 2300 941 2363 earum,
967 2299 1049 2363 quae
1067 2279 1102 2344 in
1117 2279 1206 2346 eaelo
1221 2285 1406 2361 versentur,

268 2406 347 2469 quas
370 2386 468 2452 etiam
490 2385 532 2463 ii,
557 2386 611 2468 qui
640 2386 705 2450 iam
735 2384 907 2451 didicerint
936 2383 1014 2450 deos
1043 2383 1123 2448 nihil
1152 2382 1195 2448 ad
1218 2401 1270 2448 res
1292 2383 1406 2447 mundi

267 2487 437 2573 pertinere,
463 2488 568 2553 mirati
591 2486 686 2554 facile
708 2488 742 2552 in
764 2487 913 2570 antiquas
934 2486 1107 2570 religiones
1129 2484 1293 2552 recidant:

355 2591 392 2669 V,
421 2593 460 2655 'ld
478 2598 648 2674 praeterea
670 2589 745 2654 solio
767 2611 875 2653 careres
898 2589 1049 2673 lanaeque
1071 2597 1191 2652 meatur

486 2694 648 2776 expediam
671 2716 732 2778 qua
755 2693 912 2780 oifleowt
933 2701 1050 2757 oratura
1070 2694 1246 2776 paternam
1254 2720 1268 2766 ‚-

486 2819 524 2861 ree
535 2799 630 2883 sorte

423 2904 460 2966 81
620 2901 728 2986 aliquo
750 2902 853 2965 divom
877 2901 960 2964 volvi
979 2900 1101 2964 ratione
1117 2906 1277 2982 putemus.

267 3007 371 3088 Atque
386 3005 485 3070 verba
502 3004 693 3088 praesertim
715 3005 806 3068 redae
820 3006 853 3066 iro
869 3003 945 3079 dtis,
964 3026 1042 3087 quae
1057 3025 1171 3086 supero
1186 3011 1280 3085 caput
1295 3001 1407 3065 aetde-

266 3110 324 3173 riir
345 3117 516 3173 remeatur
537 3109 571 3171 in
593 3108 657 3172 oris
672 3107 833 3192 pertinent
848 3105 891 3172 ad
905 3115 1026 3170 meotes
1041 3106 1118 3172 solis
1132 3107 1229 3171 lunae
1244 3111 1405 3170 astrorum

266 3231 438 3294 omnesque
454 3232 516 3292 res,
543 3230 625 3295 quae
647 3217 732 3276 certo
747 3209 858 3276 ordine
873 3229 912 3275 uo
928 3209 1041 3292 regula
1055 3209 1089 3273 in
1103 3209 1194 3274 eaelo
1213 3207 1300 3288 fiunt,
1321 3228 1405 3291 qna-

267 3335 336 3379 rum
359 3313 578 3398 magnitudine
601 3335 639 3380 ao
662 3313 694 3379 ri
717 3311 904 3393 adducaris,
936 3319 972 3377 ut
998 3331 1094 3377 unum
1118 3312 1170 3377 vel
1191 3310 1300 3394 plures
1322 3309 1406 3377 deos

267 3423 403 3482 statuas.
448 3419 485 3483 In
509 3424 600 3484 sexto
623 3423 730 3482 autem
754 3416 834 3481 libro
857 3414 1039 3480 Lucretium
1066 3413 1107 3481 de
1129 3413 1224 3479 rebus
1246 3413 1328 3478 raris
1350 3417 1405 3480 vel

266 3519 482 3604 singularibus
506 3539 676 3605 exponere,
703 3539 837 3602 quarum
861 3517 1002 3583 maxima
1018 3537 1093 3600 pars
1116 3524 1235 3582 terrore
1257 3513 1406 3582 homines

267 3621 419 3704 alliciant,
445 3643 509 3688 non
531 3622 625 3688 modo
648 3643 688 3688 ex
711 3621 858 3687 versibus
882 3622 1009 3684 48-53
1033 3619 1241 3702 intellegitur,
1267 3637 1404 3701 quornm

266 3732 362 3810 eaput
383 3726 562 3791 mutilatum
586 3745 659 3792 esse
682 3745 779 3809 aegre
802 3724 951 3804 ferimus,
976 3741 1086 3788 verum
1116 3721 1213 3787 etiam
1237 3741 1277 3786 ex
1300 3723 1354 3786 73.
1382 3729 1403 3786 4

340 3829 397 3892 sed
417 3828 490 3912 quoe
513 3837 577 3892 tute
601 3828 658 3892 rita·
672 3827 803 3911 placida
825 3848 895 3890 eum
911 3848 993 3909 paee
1015 3825 1134 3909 quietos
1162 3829 1216 3907 (se.
1235 3823 1322 3906 deos)

340 3931 507 3994 constitues
529 3951 657 4015 magnos
679 3930 800 3994 irarum
823 3928 1088 4014 aelemosinam,

265 4035 385 4100 scilieet
408 4033 435 4099 si
458 4033 621 4118 putaveris
643 4033 783 4098 tonitma
812 4039 845 4098 et
874 4039 985 4098 ventos
1012 4031 1053 4096 ab
1076 4031 1124 4096 eis
1146 4027 1314 4116 proficisci.
1362 4030 1403 4095 In

264 4137 374 4219 quinto
396 4135 494 4219 igitur
515 4135 596 4201 libro
611 4143 730 4214 monet,
755 4155 795 4201 ne
818 4154 859 4200 ex
880 4133 1020 4219 sapienti
1035 4139 1131 4216 atque
1147 4132 1256 4216 ampla
1270 4131 1404 4196 institu-

265 4241 349 4305 tione
366 4237 475 4305 muudi
491 4239 625 4323 colligas
641 4237 719 4304 deos
735 4255 820 4314 esse3
840 4239 873 4302 iu
890 4244 981 4304 sexto
997 4236 1090 4302 donet
1105 4235 1275 4301 horribiles
1291 4253 1344 4300 res
1359 4236 1404 4300 ad
