3010 4896
223 301 288 414 ‘ns
681 389 722 400 -
769 349 866 436 [180]
914 388 954 398 -

335 568 361 608 v.
407 539 659 633 σιοήριομηιε
683 547 881 622 onerante,

494 645 638 739 colum
662 652 700 730 V,

494 751 636 846 ἠρέμησε
660 761 695 824 Α.

336 865 427 944 Quod
456 866 610 932 Kusterus
642 865 830 931 scholiastae
866 864 1108 947 explicationem
1135 856 1331 929 ἀποδειλιᾶν
1360 869 1392 927 et

246 963 324 1055 μεθ’
342 963 477 1059 ἡσυχίας
498 965 591 1056 ἄγειν
609 972 679 1036 uoci
703 969 831 1056 ἐρεμεῑν
854 969 955 1054 magis
978 971 1146 1036 conuenire
1169 977 1274 1036 censet
1297 991 1394 1054 quum

248 1078 317 1142 uoci
333 1069 501 1162 α’ριθμεϊν,
519 1065 611 1144 acute
627 1077 704 1142 illud
725 1078 850 1162 quidem
870 1083 919 1143 est
937 1077 1148 1154 obseruatum,
1167 1083 1201 1142 et
1219 1099 1258 1143 ne
1275 1077 1394 1142 codicis

250 1184 276 1247 Α
305 1186 492 1268 scripturam
520 1185 687 1267 genuinam
715 1182 832 1250 Suidae
865 1205 931 1250 esse
959 1184 1187 1262 existimemus,
1218 1183 1394 1268 glossarum

249 1291 361 1356 ordine
388 1293 473 1375 apud
496 1289 627 1356 Suidom
655 1291 824 1356 obsoruoto
846 1289 1049 1375 impedimur:
1076 1282 1212 1377 ἠρέμα,
1238 1283 1394 1376 ἠρεμία,
1499 1358 1500 1380 η

249 1387 573 1484 {centumcellen
595 1388 750 1484 θοίναν,
773 1389 953 1482 ᾑρημένην,
976 1389 1167 1483 deductore
1183 1386 1293 1484 lucos,
1315 1389 1395 1482 ἤοή-

250 1521 368 1583 σαντα,
399 1496 503 1590 ἤρθη,
534 1492 603 1590 ἠρι,
630 1496 722 1591 ἠρία,
748 1495 949 1590 ἠριγένειαν,
975 1496 1188 1590 Ἠριγόνειος,
1215 1495 1396 1589 Ἠριδανὸς,

249 1602 483 1696 ἠρίθμησεν,
501 1603 711 1695 Ἠρικαπαιος
729 1614 799 1674 κτλ.
807 1609 832 1696 ¹)
848 1648 889 1658 -
910 1608 971 1676 Sed
990 1612 1152 1694 proposito
1172 1615 1279 1675 nostro
1298 1609 1395 1674 satis-

250 1716 345 1780 faciet
368 1737 421 1781 ees
439 1715 582 1798 proferre
601 1722 767 1800 corruptas
785 1717 966 1800 scripturas,
989 1737 1068 1799 quos
1087 1717 1151 1782 iem
1169 1717 1202 1780 in
1220 1716 1395 1800 archetypo

250 1822 388 1904 quinque
416 1822 542 1886 illorum
570 1821 711 1888 codicum
739 1822 950 1888 Suidunorum
982 1829 1127 1896 exoratos
1156 1821 1253 1888 luisse
1280 1822 1396 1887 uerisi-

251 1929 324 1992 mile
348 1934 404 2004 est,
427 1928 527 1992 uoluti
851 1929 906 1994 ubi
929 1930 1018 1995 codd.
1042 1929 1202 2013 Aristoph.
1225 1928 1395 1994 exhibent:

315 2056 343 2098 u.
368 2035 432 2098 263
457 2030 683 2119 ἓκολαβήσαςῒ
930 2031 1244 2123 ίνεκολάβησας’),ῒ

317 2163 342 2206 v.
366 2141 432 2203 354
456 2135 667 2226 ixemcdv³)†
929 2134 1086 2221 ἐπιπιών,

319 2269 344 2312 v.
367 2248 434 2311 400
457 2245 486 2310 εἰ
507 2243 552 2333 μή
576 2262 611 2311 σε
633 2254 744 2330 μισῶῒ
930 2247 960 2313 εί
982 2267 1018 2313 σε
1039 2241 1083 2334 μή
1106 2254 1203 2332 μισῶ,

317 2375 343 2416 v.
366 2353 431 2416 419
456 2345 550 2437 ὁρᾶτ’
573 2341 637 2437 ἆρα
930 2349 1030 2440 ὁρᾶθ’
1054 2345 1126 2440 ὥρα
1149 2341 1237 2437 (ὥρα
1266 2353 1322 2436 V),

318 2481 344 2522 v.
367 2459 432 2524 509
458 2455 569 2542 ἔτυχες
930 2457 1023 2544 ἔτυχε
1031 2463 1095 2546 ⁴),†

319 2585 344 2627 v.
368 2565 431 2628 527
457 2563 548 2650 ἒρρεί
930 2563 1028 2653 ἔρρει,

318 2693 344 2733 v.
368 2670 433 2735 529
458 2672 654 2754 συμποσίοις
673 2721 674 2726 1
930 2675 1106 2757 συμποσίῳ
1114 2673 1153 2756 ⁶),

318 2799 344 2840 v.
369 2777 429 2840 721
456 2778 613 2861 τουτίγε]ι
929 2781 1077 2863 τουτογί,

319 2905 345 2946 v.
369 2883 433 2947 803
458 2889 647 2969 καθορᾶται
932 2890 1066 2972 καθορᾷ
1091 2889 1151 2950 σοῦ
1160 2882 1198 2969 ⁶),

319 3012 345 3052 v.
370 2989 433 3053 807
459 2982 573 3054 αὐτῶν
932 2985 1046 3070 αὐτὸν,

320 3117 345 3158 u.
369 3095 435 3160 930
458 3091 633 3177 ἐφιστάναι
932 3092 1121 3178 ἐφεστάναι,

320 3225 346 3266 v.
369 3203 433 3266 969
459 3199 647 3289 Σμηκύθην
931 3199 1120 3288 Σμικύθην.

343 3308 428 3372 Ηοοο
452 3310 491 3372 do
514 3311 652 3392 propriis
675 3307 791 3374 Suidee
814 3311 978 3392 scripturis
1002 3315 1093 3374 erant
1116 3307 1257 3374 dicenda„

327 3503 345 3558 ‘l
364 3501 496 3556 Seruatus
519 3508 611 3557 eutem
635 3502 658 3556 is
682 3509 725 3557 est
748 3503 776 3558 ln
795 3503 896 3559 Suidee
920 3501 1010 3558 lexico
1034 3502 1188 3556 litterarum
1212 3501 1291 3565 ordo,
1317 3515 1395 3568 quem

253 3589 389 3644 nocelium
413 3585 620 3660 ἀντιστοιχείαν
639 3598 751 3657 uocant,
776 3599 807 3645 ut
825 3592 1037 3661 disponerentur
1054 3591 1165 3646 uocales
1185 3607 1214 3643 αι
1233 3595 1298 3644 ente
1319 3607 1347 3651 ε,
1372 3606 1396 3642 ει

254 3685 283 3731 et
301 3698 317 3745 η
336 3684 402 3732 ente
421 3701 439 3741 ι,
459 3699 481 3732 ιο
501 3687 563 3750 post
581 3699 605 3742 ο,
626 3699 652 3735 οι
672 3688 737 3735 aute
755 3700 780 3743 ο,
802 3687 831 3735 et
854 3682 923 3736 hoec
943 3681 1097 3735 litterarum
1120 3678 1206 3734 series
1225 3677 1397 3732 efficeretur:

254 3769 1189 3838 αβγόαιεζειηιθκλμνξοιοπρσιοιυφχψ.
1223 3765 1396 3820 σίΔνοσᾱιί.

254 3855 360 3910 Villols.
382 3857 407 3909 ll
431 3859 546 3925 pg.121
575 3858 676 3922 (adnot.
702 3861 726 3922 1)
754 3859 789 3912 ad
812 3857 981 3925 Theognosti
1005 3857 1103 3910 librom
1124 3855 1204 3925 ¹mille
1228 3853 1341 3922 regulas
1364 3855 1397 3907 de

213 3936 219 3948 ’
253 3951 331 3998 recta
357 3944 496 3999 scribendi
524 3946 631 4000 ratione
660 3947 858 4011 continentem,
887 3945 1093 4015 Bernhardyum
1122 3944 1150 3996 in
1175 3943 1339 3998 Commentt.
1364 3943 1398 3995 de

254 4034 355 4088 Suidae
375 4034 464 4088 lexico
484 4052 528 4103 pg.
549 4035 584 4088 38
603 4040 632 4088 et
651 4034 721 4088 Hist.
742 4034 808 4088 Litt.
828 4034 925 4088 Graec.
948 4035 976 4086 1⁴
996 4051 1039 4102 pg.
1060 4034 1121 4086 722.

326 4123 346 4188 ²)
366 4117 576 4192 ἐνεκολήβασας
595 4123 716 4178 correxit
733 4122 898 4178 Brunclrius.

326 4209 346 4274 ¹)
366 4210 406 4264 sic
425 4211 509 4266 etism
528 4211 707 4266 Phanorinus.

325 4299 346 4362 ⁴)
367 4293 466 4368 ἔτυχεν
484 4306 560 4354 recte
580 4316 619 4368 pr.
640 4317 675 4352 m.
697 4301 724 4352 A.

325 4387 347 4451 ὀ)
366 4389 513 4458 ξυμποσίῳ
537 4389 589 4440 ΓΑ.
751 4389 771 4454 ⁸)
791 4389 920 4456 καθορῶ,
932 4390 984 4440 σοῦ
1005 4389 1035 4440 Α.
