2998 4896
231 325 275 410 ὀσ
670 383 712 391 -
759 291 854 428 [ere]
903 381 941 391 -

320 539 423 604 Simili
445 538 538 603 modo
561 537 675 602 Suidas
696 541 803 604 uicina
825 540 933 622 aliqua
956 539 1069 604 noenia
1085 537 1241 602 abductus
1260 537 1383 602 errauit

231 647 313 711 inv.
340 646 418 710 139:
453 637 560 711 Οὐδὲν
588 641 651 730 γάρ
675 644 738 710 εἰσι
765 636 854 732 πλὴν
882 646 1058 710 Ποσειδῶν
1085 645 1139 708 καὶ
1170 640 1295 730 σκάφη,
1325 643 1380 706 ubi

229 773 291 818 uox
315 750 378 817 εἰσι
400 773 458 835 pro
482 749 580 836 ἐσμὲν
603 753 709 817 uersui
733 751 935 835 praecedenti
958 751 1100 818 debetur.

318 858 399 924 Item
422 859 456 923 in
478 879 505 922 v.
525 858 589 922 688
612 849 657 921 ἵν’
677 851 818 940 ὄζωμεν,
843 879 905 922 uox
928 855 984 923 ἵνα
1006 879 1064 942 pro
1088 850 1135 934 ὡς
1157 847 1200 920 ἂν
1223 877 1262 921 ex
1284 876 1382 921 uersu

229 967 284 1048 qui
306 966 448 1050 proxime
472 964 627 1048 sequitur:
659 971 723 1029 νῦν
746 959 831 1050 πρὸς
856 957 904 1049 ἔμ’
928 964 990 1029 ἴτω
1013 987 1076 1044 τις,
1100 961 1156 1028 i'va
1178 967 1248 1027 κτλ.
1273 971 1381 1028 trans-

228 1073 388 1154 migrauit.

316 1180 423 1244 Etiam
447 1180 480 1242 in
503 1199 550 1242 vv.
576 1177 640 1241 795
665 1178 729 1242 796

685 1293 777 1388 ἡμεῖς
800 1295 834 1366 δ’
857 1293 959 1367 οὐδὲν
982 1291 1084 1388 ἧττον

485 1415 548 1474 τοῦ
570 1410 789 1485 Μελανίωνος
814 1408 1084 1494 σωφρονέστεροι

230 1533 500 1620 σωφρονέστεροι
517 1555 575 1617 pro
594 1530 626 1598 οἱ
646 1529 819 1618 σώφρονες
834 1556 872 1600 cx
887 1533 992 1617 glossa
1006 1540 1112 1599 ortum
1126 1541 1184 1610 ost,
1202 1555 1265 1616 qna
1277 1533 1383 1598 uerba

229 1635 329 1707 οὐδὲν
352 1630 456 1728 ἦττον
479 1637 512 1705 οἱ
536 1635 711 1723 σώφρονες
733 1639 889 1723 quispiam
916 1639 1172 1706 circumscribere
1194 1639 1382 1704 conabatur.

316 1855 460 1939 Denique
482 1849 664 1919 'afferendae
687 1859 761 1918 sunt
785 1875 840 1920 eac
864 1855 1040 1938 scripturae
1062 1845 1180 1930 uariae,
1204 1873 1282 1938 quas
1305 1851 1381 1917 Sui-

228 1961 301 2028 dam
325 1962 358 2025 in
381 1961 450 2044 ipso
470 1981 515 2038 ec,
538 1981 600 2044 quc
619 1959 779 2037 utebatur,
802 1961 910 2026 codice
934 1959 1111 2026 fabularum
1132 1959 1382 2044 Aristophaneu-

227 2090 298 2132 rum
320 2069 478 2133 inuenisse
501 2067 672 2132 uerisimile
695 2075 751 2132 est.

318 2175 364 2238 Ac
390 2175 527 2258 primum
550 2174 676 2255 quidem
700 2173 815 2239 Suidas
838 2176 1006 2258 genuinam
1030 2173 1251 2257 Aristophanis
1279 2175 1381 2256 scrip-

228 2285 332 2344 turum
356 2281 488 2346 retinuit
511 2280 544 2345 in
568 2301 595 2344 v.
618 2280 684 2344 694
707 2272 809 2345 άετόν
833 2287 865 2346 et
889 2281 970 2345 inv.
995 2281 1056 2345 701
1085 2275 1229 2365 ἑταίρου.

316 2385 396 2451 Tum
423 2409 469 2451 vv.
498 2385 683 2451 543-548
712 2387 930 2472 anapaesticos
954 2385 1148 2472 Reisigius1)
1177 2385 1275 2450 Suida
1302 2407 1380 2470 yro-

227 2495 357 2558 cusano
380 2499 455 2558 teste
477 2515 551 2558 usus
575 2495 619 2557 sio
642 2495 768 2558 restitui
791 2493 897 2558 iussit:

600 2615 709 2683 ἐθέλω
734 2609 768 2683 δ’
792 2616 847 2682 ἐπὶ
870 2624 938 2681 πᾶν

362 2722 447 2787 ἰέιόι
470 2715 552 2806 μετὰ
575 2723 685 2788 τοῖσδέ
706 2725 779 2807 γε’)
802 2731 861 2809 τῆς
870 2725 898 2797 ³)
922 2715 1040 2809 άριτῆς

600 2820 687 2912 ἕνεχ’
711 2824 762 2905 αἷς
786 2825 835 2892 ἔνι
859 2826 966 2910 φύσις,

361 2932 410 2999 ἔνι
428 2930 603 3019 θράσος4),
627 2931 677 2998 ἔοι
696 2935 732 2998 δὲ
752 2931 872 3017 σοφόν,
898 2933 946 2999 ἔνι
968 2936 1039 3020 όὲῦ)
1064 2932 1244 3017 φιλόπολις

599 3033 699 3127 ripen}
723 3038 896 3126 φρόνιμος.

227 3166 342 3231 Omisit
377 3165 475 3247 igitur
507 3165 663 3249 Reisigius
700 3165 836 3230 testibus
869 3165 969 3231 Suida
1000 3167 1158 3250 Zonara⁶)
1196 3165 1379 3232 Phanorino

227 3268 276 3336 ἔνι
298 3267 392 3356 χάρις
415 3279 489 3336 ante
513 3268 562 3336 ἔοι
584 3268 713 3357 θράσος
731 3273 764 3335 in
783 3273 945 3338 codicibus
965 3273 1206 3358 Aristophaneis
1224 3275 1378 3358 positum3

226 3378 310 3441 idem
333 3378 453 3461 placuit
476 3378 708 3463 Westpbalio')
737 3384 770 3442 et
793 3379 832 3443 H.
856 3379 1084 3464 Schmidtic⁸)‚
1110 3400 1172 3444 non
1196 3379 1273 3444 item
1296 3379 1380 3444 Her·
1489 3419 1490 3422 =

226 3483 377 3567 mann09)
401 3483 565 3550 Dindorfio
589 3485 721 3568 Engero.

229 3613 369 3620 -.-...,.-,..
384 3613 440 3620 ..-..

299 3681 318 3746 ¹)
338 3678 471 3733 Coniectt.
492 3695 536 3748 pg.
555 3681 616 3734 202.

297 3767 319 3834 ¹)
337 3762 419 3820 τῶνδ’
439 3768 465 3822 S.

299 3855 319 3922 ⁸)
337 3859 386 3924 τῆς
405 3856 468 3910 add.
488 3856 634 3926 Reisigius.

298 3945 318 4008 ⁴)
339 3937 379 3997 ἔνι
400 3938 509 4012 θράσος
528 3945 607 3998 deest
626 3947 658 4001 V.

297 4031 318 4092 ὖ)
338 4031 366 4085 δὲ
387 4033 460 4100 apud
479 4032 590 4088 Snidam
612 4041 677 4088 ante
697 4029 807 4105 θράσος
826 4035 988 4090 collocatum
1007 4043 1057 4089 ost.

297 4121 317 4179 ⁰>
337 4121 350 4173 1
369 4137 413 4190 pg.
433 4122 493 4176 748.

298 4211 317 4275 ²)
337 4211 372 4264 dc
390 4226 421 4264 re
440 4217 519 4264 metr.
539 4210 579 4264 11²
597 4211 657 4266 438.

297 4299 318 4362 θ)
337 4298 371 4352 de
391 4305 539 4354 metrorum
560 4300 757 4369 compositione
776 4318 820 4369 pg.
842 4301 958 4354 CCXIV.

297 4387 317 4448 ⁹)
337 4387 452 4440 Eiemm.
473 4389 559 4442 doctr.
578 4397 656 4443 metr.
676 4393 737 4444 383.
