3010 4896
519 384 561 394 -
608 343 700 434 [ιιι]
748 386 790 396 -
1186 347 1229 414 aa
1341 362 1348 369 ·

94 537 236 603 τουτέστι
258 537 398 626 πλήρης·
423 531 507 605 ὅταν
529 533 694 628 ηὐξῆσθαι
718 543 811 626 ὐοκῆ,
833 543 891 608 καὶ
912 541 1012 626 μέγας
1033 537 1128 621 εἶναι,
1151 551 1229 608 τοῦ·

93 668 147 710 τον
182 639 345 711 ταπεινὸν
382 645 530 734 ἐποίησα.
591 648 781 728 τουτέστιν,
818 645 917 726 ἐάσας
953 653 1138 736 πλουτῆσαι
1175 651 1229 738 δη-

92 747 203 834 μεύσω.
250 752 427 818 Miserrime
454 761 561 818 autem
584 753 715 820 Suidam
742 754 803 820 hoc
829 755 984 822 scholium
1011 762 1164 824 tractasse
1190 779 1230 824 ex

93 878 126 922 ea
142 859 250 924 scholii
269 860 372 924 forma
390 866 531 946 apparet,
549 882 630 942 quae
650 860 811 928 codicibus
835 862 894 928 Vs
912 869 1040 928 seruata
1058 870 1121 929 est:
1146 854 1229 928 ὅταν

94 951 110 1045 ᾖ
130 965 237 1042 πλέως
259 957 401 1043 Φαεινός
425 959 501 1031 ἀντὶ
519 973 581 1032 τοῦ
599 963 734 1053 πλήρης.
758 967 942 1048 τουτέστιν,
963 959 1046 1034 ὅταν
1064 962 1230 1056 ηὐξῆσθαι

93 1071 167 1154 συκῆ
194 1073 251 1136 καί
277 1071 377 1156 μέγας
404 1069 497 1137 είναι.
548 1073 632 1157 Ergo
660 1075 787 1139 omnino
815 1095 877 1140 non
905 1074 958 1140 hic
983 1075 1071 1142 locus
1098 1083 1146 1142 est
1172 1078 1229 1142 ad-

92 1176 198 1243 iectino
225 1174 402 1260 φαεινός,
429 1181 484 1244 sed
509 1179 689 1245 Phainum
717 1183 957 1263 grammaticum
982 1202 1091 1248 uocem
1118 1182 1230 1260 πλέως

93 1304 143 1366 per
163 1280 289 1371 πλήρης
311 1285 461 1369 explicari
484 1287 623 1352 uoluisse
644 1285 765 1353 scholio
788 1288 981 1373 doeemur1).

172 1391 278 1456 Etiam
300 1391 334 1457 in
357 1413 384 1457 v.
405 1392 468 1457 796
493 1393 650 1475 scriptura
668 1388 907 1476 ῥαθαπυγίζων
927 1389 1229 1478 -ῥαθαπυγίζων

94 1497 205 1562 codices
250 1497 472 1580 Aristophanis
521 1498 672 1563 exhibent
699 1536 748 1568 ,-
788 1520 827 1562 ex
868 1499 1078 1583 explicatione
1118 1500 1230 1578 addita

95 1604 236 1687 originem
268 1603 374 1669 duxitz
410 1599 523 1692 λάθρᾳ
559 1600 699 1698 τύπτων
736 1597 822 1669 κατὰ
859 1611 917 1690 τῆς
949 1611 1056 1692 πυγῆς
1087 1608 1229 1694 πλατείᾳ

96 1715 129 1792 τῆ
155 1711 237 1795 χειρὶ
270 1701 292 1796 ἢ
324 1710 384 1796 (sie
411 1709 540 1787 Suidas,
573 1709 692 1776 scholia
721 1711 780 1774 Vs
811 1712 882 1790 xnl,
914 1711 998 1794 qnod
1026 1711 1111 1796 apud
1139 1713 1229 1778 scho-

96 1815 193 1882 liastes
220 1817 330 1882 eodem
358 1836 451 1882 sensu
478 1822 574 1899 atque
601 1808 622 1902 ἢ
646 1817 790 1899 usurpari
815 1817 909 1900 solet)
932 1820 1053 1882 πλατεῖ
1074 1823 1124 1902 τῷ
1146 1819 1228 1883 πούὶ

95 1929 127 2003 τῆ
151 1930 237 2005 πνγῆ
266 1917 378 2005 ῥόθου
404 1929 525 1989 ποιῶν.
573 1917 720 1988 Ceterum
747 1911 896 2006 quoniam
923 1922 1030 1988 uerbis
1058 1919 1228 2007 ῥαθαγέω,

95 2021 246 2111 ῥύθαγσς,
274 2025 473 2115 ῥαθάσσωί)
497 2030 639 2094 codicum
662 2030 820 2113 scriptura
843 2027 1060 2106 confirmatur,
1088 2029 1229 2096 Thomas

96 2131 236 2217 Magistro
263 2123 503 2220 ῥοθοπυγίζειν
531 2141 564 2200 et
590 2131 843 2220 ῥοθοπυγισμός
870 2135 1016 2200 afferenti
1042 2157 1105 2200 non
1130 2139 1229 2201 maior

97 2261 178 2322 quam
208 2240 326 2306 Suidae
359 2243 532 2308 auctoritas
562 2241 735 2307 tribuenda
762 2243 902 2318 uidetur,
936 2264 1006 2307 cum
1033 2242 1067 2306 in
1095 2243 1229 2307 eundem

98 2367 222 2412 errorem
245 2349 355 2430 utique
378 2347 493 2414 Suidas
516 2348 611 2413 simili
635 2349 754 2414 scholio
775 2349 946 2432 perductus
969 2349 1019 2412 sit.

173 2453 280 2537 Neque
303 2455 399 2519 ahter
421 2455 625 2519 iudicandum
646 2453 776 2520 uidetur
798 2455 837 2520 de
860 2475 954 2519 uersu
976 2453 997 2518 9

264 2561 447 2640 ξυναυλίαν
468 2554 695 2646 πενθῆοωμεν
721 2552 903 2643 Οὐλύμπου
927 2555 1033 2642 νόμον

99 2665 193 2746 quiin
216 2666 378 2732 codicibus
402 2666 624 2748 Aristophanis
647 2667 694 2731 sic
715 2666 866 2730 traditur:

265 2775 447 2854 ξυναυλίαν
470 2768 667 2856 κλαύσωμεν
693 2763 875 2855 Οὐλύμπου
897 2766 1004 2855 νόμον
1013 2773 1050 2856 ³).

98 2877 206 2943 Cellato
233 2880 318 2944 enim
340 2879 506 2944 Theodoro
530 2877 760 2964 Hyrtaceno⁴):
788 2878 887 2961 δεῦρο
912 2870 951 2963 δὴ
975 2872 1150 2962 Καλλιόπη
1173 2879 1229 2942 καὶ

96 2985 231 3063 Μοῦσαι,
267 2988 426 3070 Σειρῆσιν
459 2976 574 3060 αὐτοῖς
606 2977 785 3067 Άχελωίσι,
822 2983 1004 3064 ξυναυλίαν
1035 2979 1228 3068 πενθήσατε

95 3091 254 3156 οεήείαιίλο
286 3089 324 3154 fit
354 3085 581 3176 πενθήοωμεν
616 3088 697 3153 nihil
727 3088 815 3153 aliud
848 3109 916 3154 osse
948 3110 1042 3172 qnam
1073 3088 1230 3172 glossema

96 3198 157 3260 uoci
186 3191 384 3279 κλαύσωμεν
411 3196 658 3279 Byzantincrum
690 3193 886 3277 temporibus
917 3195 1089 3260 inusitatae
1120 3216 1229 3278 super-

98 3302 243 3384 scriptum.
294 3301 374 3368 Cum
406 3308 514 3367 autem
546 3301 649 3368 forma
678 3294 859 3383 Οὐλύμπου
891 3303 1033 3365 uirorum
1063 3301 1229 3390 doctorum

99 3406 314 3477 dubitationem
337 3414 491 3484 moueret,
515 3415 623 3491 utpote
646 3429 728 3489 quae
746 3407 787 3472 ab
806 3408 985 3472 Atticmum
1002 3406 1152 3489 loquendi
1169 3428 1229 3471 usu

99 3510 282 3591 abhorreret,
314 3515 470 3580 llusterus
502 3505 545 3578 ὐν
576 3505 740 3596 Ὀλύμπου
772 3511 971 3578 scn'bendum
998 3533 1067 3578 esse
1099 3513 1230 3587 censuit,

100 3615 296 3705 lleinelrins⁶)
319 3619 376 3685 illa
397 3620 497 3684 uerba
519 3610 691 3706 αὐτολεξεί
702 3639 750 3683 ιω
768 3620 890 3702 tropico
909 3617 1020 3701 aliquo
1038 3617 1229 3698 Αυίοίομλα-

100 3743 159 3787 ιαμ
183 3727 388 3807 assumpsisse
414 3727 542 3803 πολιαί,
574 3745 640 3788 noa
666 3729 702 3788 ιιί
729 3745 768 3789 ιο
794 3725 926 3802 rideret,
956 3725 1011 3787 scd
1037 3728 1074 3787 ot
1096 3724 1230 3787 οοιαίοοο

165 3937 182 4000 ¹)
199 3937 231 3993 cf.
249 3936 375 3994 Dindorf.
395 3936 520 3992 sedena.
539 3937 575 3990 ad
594 3933 684 3990 Schol.
704 3933 756 3990 vol.
771 3935 812 3988 111
832 3951 876 4003 pg.
900 3935 952 3988 388
971 3933 1077 3998 adnot,
1101 3932 1147 3987 ubi
1167 3931 1228 3994 loci,

106 4021 189 4088 quom
205 4027 302 4082 Phaini
320 4025 494 4096 grammatici
514 4023 617 4079 mentio
636 4023 676 4088 fit
696 4028 851 4078 enotantur.

165 4111 183 4172 ἰ
199 4115 314 4184 Hesych.
333 4107 562 4184 ῥαθασούμενοι·
582 4107 755 4182 ῥαινόμενοι,
775 4105 971 4178 πληττόμενα.

166 4199 184 4252 *ί
202 4198 321 4269 νολύμον
338 4203 371 4256 R.

166 4287 185 4342 *t
201 4290 356 4344 Boissonad.
375 4288 500 4344 Anaedd.
519 4288 618 4342 Graec.
638 4289 659 4342 l.
679 4289 739 4342 ⁶277.

168 4373 185 4427 ‘i
201 4377 287 4432 vinco
317 4378 456 4446 Aristopb
478 4391 521 4445 pg.
542 4377 585 4430 50.
