3008 4884
527 393 570 403 -
618 358 701 439 [sos]
749 393 792 403 -
1186 359 1227 422 os

91 551 169 611 runt
189 544 261 621 eici,
292 543 379 611 velut
402 543 495 610 Caes.
522 544 553 608 b.
579 545 657 626 gall.
680 548 709 622 1,
728 548 796 624 'M
826 553 1000 628 temperare
1027 545 1067 610 ab
1097 545 1226 622 iniuria,

92 667 160 732 qus
186 646 298 713 ecdem
328 653 490 712 structura
518 665 597 711 usus
627 653 678 712 est
706 646 802 713 Corn.
827 645 870 727 ΙΙ,
899 651 947 728 19,
971 651 1011 712 29
1042 649 1228 714 mimirum

91 751 249 817 emesam
270 748 366 813 ictum
387 772 408 812 u
423 748 574 833 maleficio
594 759 727 833 propter
741 749 927 814 nemimem
940 751 1149 836 formidinem
1168 775 1228 816 uon

92 855 308 938 temperasse?
335 851 418 932 (eibi,
442 851 527 934 quod
550 851 641 918 codd.
667 852 825 932 omittunt,
851 852 1045 918 addiderunt
1064 853 1174 920 Osann
1195 861 1228 922 et

92 958 222 1043 Kayser
243 956 277 1021 iu
299 953 351 1021 ed.
376 954 473 1037 cic).
520 955 570 1021 cl.
596 953 763 1020 Antlburb.
789 975 865 1040 pag.
887 959 979 1020 1128.

180 1060 345 1124 muliere
367 1059 500 1125 verbum
522 1059 635 1124 Cicero
661 1058 864 1125 cumulatim
894 1078 1052 1144 personae
1080 1067 1112 1126 ct
1140 1061 1226 1126 able·

91 1164 160 1230 tivo
182 1163 228 1228 rei
249 1161 415 1228 coniunxit
436 1161 502 1226 inv.
526 1161 569 1242 ΙΙ,
599 1165 627 1238 1,
650 1163 671 1224 2
700 1161 839 1225 omnibus
866 1162 1082 1226 acmste'tmmut
1109 1161 1228 1227 civibus

96 1266 208 1348 (altero
231 1283 294 1347 quo
316 1263 376 1330 hcc
397 1264 529 1330 verbum
551 1263 639 1347 apud
661 1263 847 1330 Ciceronem
870 1265 987 1348 legitur
1015 1265 1085 1330 loco
1107 1284 1173 1350 rep.
1194 1268 1224 1346 3,

97 1371 147 1435 18.
167 1370 207 1432 28
239 1367 386 1434 absolute
415 1366 533 1431 dictum
565 1369 638 1446 estl,
678 1367 884 1448 quemdem
914 1368 1148 1435 constructione
1177 1369 1226 1434 usi

90 1477 170 1536 sunt
182 1469 297 1536 Claud.
317 1468 452 1546 Quadr„
470 1469 566 1552 Nep,
587 1475 648 1535 etc.
685 1467 748 1534 Alii
764 1467 937 1554 scriptores
950 1470 1061 1536 dicunt
1075 1471 1229 1536 antistare

90 1575 228 1658 ale'qmm
242 1572 350 1656 eleum
372 1593 407 1635 re
433 1572 488 1650 lita
512 1571 597 1637 Mela
618 1578 651 1638 ct
672 1571 839 1656 Apuleius·
866 1573 916 1638 vel
940 1571 1095 1655 in'eliquc
1110 1595 1145 1637 re
1172 1575 1227 1650 ‘sits

89 1675 384 1756 Metellllumidl.
410 1675 567 1758 Exempla
578 1673 759 1740 accuratius
771 1674 961 1757 collegimus
974 1677 1225 1759 suprap38sq.

528 1809 553 1848 c.
580 1797 618 1848 tle
673 1796 791 1848 netlvo.

181 1881 320 1946 Primum
343 1880 521 1964 complures
543 1899 584 1944 ex
606 1809 769 1946 Coginilicli
790 1880 963 1964 praecipue
988 1879 1079 1945 libris
1100 1879 1229 1946 dicendi

92 1984 260 2066 formulae,
292 1981 432 2066 quaein
455 1981 595 2067 optimae
617 1989 712 2048 nctus
743 1983 931 2067 scriptorum
962 2001 1055 2048 usum
1078 1990 1135 2048 eut
1156 2003 1229 2049 raro
1322 1997 1340 2030 «¹

91 2095 152 2154 aut
172 2085 299 2152 omniuo
320 2105 384 2152 non
405 2091 481 2150 sunt
502 2093 663 2170 receptae,
699 2085 742 2152 ad
773 2087 961 2152 sollemnem
983 2085 1227 2152 Iurisconsultc

91 2211 164 2256 rum
187 2205 365 2255 sermonem
387 2187 576 2254 referendae
598 2194 684 2254 sunt.
731 2187 835 2252 Huius
858 2187 943 2254 modi
966 2194 1017 2254 est
1037 2211 1131 2273 apere
1156 2209 1228 2254 cum

90 2289 253 2379 genetiuis
267 2290 373 2376 suru',
397 2289 586 2356 imimiomm
607 2293 710 2373 ctc.¹),
738 2298 771 2356 et
791 2311 946 2356 arcessere
968 2311 1040 2356 cum
1068 2291 1227 2375 genetiuis

92 2395 219 2479 capitae,
251 2393 425 2458 meieemtic
454 2393 664 2460 coniunctum.
711 2392 803 2470 Quae
831 2393 1006 2460 locutiones
1035 2413 1228 2478 quamquam

91 2505 171 2584 apte
200 2496 243 2562 ml
264 2493 400 2562 crurum
429 2495 672 2564 similitudinem
702 2495 815 2563 referti
838 2502 995 2581 poterunt,
1025 2498 1114 2564 velut
1135 2519 1228 2562 acere-

90 2623 167 2666 sare
187 2599 323 2684 alipium
342 2599 437 2684 firrti
456 2605 532 2675 ete,
563 2607 671 2665 tamen
700 2599 812 2684 optimi
841 2599 1012 2684 scriptores
1043 2601 1170 2685 planius
1198 2608 1229 2667 ct

91 2704 275 2772 accuratius
296 2702 489 2770 sententium
504 2701 684 2787 exprimere
704 2702 768 2767 sibi
789 2701 981 2769 videbantur
1002 2702 1111 2769 addito
1133 2721 1229 2770 voca-

91 2807 170 2872 bulo
192 2806 299 2889 aliquo
315 2805 405 2878 velut
418 2805 558 2871 emmim.
584 2804 711 2880 rueme,
736 2794 869 2884 comme
896 2803 1055 2872 similibus
1077 2805 1126 2887 [ci.
1145 2824 1174 2871 e.
1193 2825 1225 2889 g.

90 2910 161 2976 cic.
181 2909 275 2988 Cael„
291 2913 319 2990 7,
342 2912 381 2974 16
403 2917 439 2972 ut
454 2945 495 2958 ·-
510 2909 577 2992 ipse
598 2908 732 2972 alterum
755 2908 890 2972 ambitus
903 2907 1033 2970 crimme
1044 2915 1224 2988 arcesseret,

87 3011 257 3098 praeeedit
271 3011 407 3076 ambitus
422 3012 557 3075 alterum
571 3018 734 3075 accusaret
740 3032 746 3087 ;
767 3009 821 3075 off.
837 3013 867 3090 2,
884 3015 931 3088 11,
943 3014 979 3072 51
1002 3031 1040 3073 ne
1054 3029 1143 3094 quem
1160 3032 1228 3074 um-

90 3135 186 3198 qrmm
197 3113 389 3178 innocentem
400 3111 636 3195 iude'eioeapitm
642 3133 798 3176 uocemue:
818 3111 858 3176 cl.
869 3111 964 3177 etium
973 3111 1063 3178 Verr.
1076 3111 1118 3192 11,
1131 3115 1160 3190 2,
1173 3114 1225 3190 58,

93 3219 183 3298 112).
216 3213 328 3282 Inveni
343 3222 450 3282 eutem
466 3215 666 3300 aperefirrti
682 3215 848 3298 peculatus
862 3212 950 3297 apud
965 3213 1061 3280 Corn.
1076 3215 1099 3294 1,
1123 3217 1171 3290 12,
1188 3216 1229 3279 22

87 3340 196 3384 sectum
196 3317 291 3404 ficti
295 3318 359 3403 api,
370 3339 433 3382 mou
438 3319 604 3402 peculatus
614 3325 773 3401 oportere;
790 3315 865 3382 item
872 3317 1136 3402 fmticpcreffic.
1148 3316 1226 3383 scm.

90 3426 126 3500 7,
137 3423 193 3493 22;
210 3441 306 3502 apere
317 3419 506 3485 istium'mmn
517 3420 613 3486 Corn.
628 3421 654 3500 Ι,
670 3425 717 3499 14,
731 3423 771 3483 24
787 3441 857 3484 cum
867 3443 902 3484 ec
917 3421 1031 3486 Accius
1041 3421 1230 3485 iniuriarum

89 3524 175 3609 apim
202 3525 269 3590 otc.
288 3524 355 3589 inv.
373 3523 416 3602 11,
436 3527 488 3604 20,
508 3527 549 3586 59
571 3525 641 3606 cpit
661 3523 701 3602 is,
725 3524 779 3588 eui
797 3545 909 3589 memus
925 3525 1075 3608 pracm'sa
1096 3533 1153 3603 est,
1180 3525 1230 3588 iu-

87 3627 262 3702 e'um‘umm3
298 3626 430 3704 Quintil.
451 3631 481 3706 3,
502 3630 531 3708 6,
555 3629 609 3702 19;
645 3649 739 3711 opere
768 3627 913 3690 mandeti
939 3627 1036 3692 Corn.
1054 3628 1096 3708 ΙΙ,
1119 3631 1170 3706 13,
1191 3630 1229 3691 19

89 3731 144 3796 M.
162 3733 291 3794 Drusus
308 3738 440 3812 praetor
462 3731 613 3806 artemo,
638 3731 722 3813 quod
738 3749 807 3792 cum
829 3728 942 3793 herede
962 3729 1108 3792 mundati
1120 3751 1229 3814 opere-

90 3843 156 3911 tur,
182 3833 333 3896 iudicium
355 3831 504 3896 reddidit.
551 3831 655 3896 Simili
677 3830 771 3896 modo
794 3831 910 3914 legitur
938 3851 1094 3896 arcessere
1116 3831 1229 3914 capitis

87 3935 181 4020 apud
203 3935 298 4002 corn.
317 3935 345 4013 Ι,
366 3939 414 4012 11,
438 3937 476 3998 18
504 3937 621 3998 Teucer
642 3969 685 3981 —
706 3931 866 3996 inimicum
882 3933 1009 4020 frctm's
1030 3954 1098 3996 mem
1120 3933 1228 4015 pleds

164 4091 178 4154 ¹)
202 4088 359 4144 Permultcs
377 4087 514 4143 eiusmodi
532 4089 609 4142 locos
628 4093 656 4141 et
673 4087 748 4156 apud
767 4087 867 4144 Guium
885 4094 915 4142 et
932 4087 1007 4156 apud
1023 4093 1131 4141 ceteros
1144 4069 1228 4140 iuris'ss

85 4175 235 4232 consultos
253 4179 364 4229 exstars
383 4190 428 4228 res
446 4179 489 4228 est
507 4173 668 4235 notissimc;
693 4187 809 4240 quorum
828 4171 952 4240 singulos
972 4173 1047 4226 locos
1065 4187 1228 4226 enumerare

84 4273 329 4330 supervacaneum
348 4261 423 4314 duxi.
