2998 4896
506 395 549 406 -
596 357 691 442 μοι]
739 399 781 408 -
1175 362 1215 426 n

80 551 362 628 nemoascendit
385 555 467 618 enim
490 553 558 637 ipse
581 553 727 620 Nabems
751 553 881 620 Suidam
905 577 962 620 sua
984 557 1128 640 undique
1150 577 1218 622 ccr-

81 657 189 722 rcsisse
211 679 250 723 οπ
272 659 463 738 ουίιοίίιιολίο,
488 661 533 726 od
556 661 806 743 Aristophanem
826 663 1026 744 potissimam
1048 665 1109 742 nel,
1133 665 1218 746 quod

79 764 187 841 malim
209 787 248 830 ex
272 766 378 842 codice
397 766 628 851 Aristophaneo
651 768 779 835 scholiis
801 771 880 835 satis
903 769 1036 853 copiosis
1056 770 1218 835 instructu.

160 872 203 937 At
228 894 271 937 ne
298 872 459 939 breuiores
487 875 615 956 quidem
638 874 770 958 glossae,
798 895 880 961 quae
907 877 992 961 apud
1015 875 1164 942 Photium
1187 882 1219 941 et

81 979 156 1061 apud
169 977 300 1044 Suidam
317 981 519 1063 reperiuntur
531 981 760 1048 desiderentur
777 1005 853 1049 uero
872 984 904 1058 in
925 982 1084 1049 codicibus
1103 983 1219 1048 nostris

82 1085 325 1169 Aristophanem,
356 1108 376 1152 e
403 1086 501 1152 Suida
528 1109 568 1152 ex
594 1088 648 1154 illo
676 1090 858 1173 desumptas
885 1110 953 1155 csse
979 1095 1102 1173 pntem;
1135 1090 1219 1175 quod

82 1193 197 1274 quidem
221 1214 375 1278 appatere
397 1195 526 1260 uidetur
548 1217 587 1260 cx
609 1197 649 1280 gl.
669 1190 856 1282 Ἤιυστρον
879 1199 921 1262 ad
944 1197 1001 1282 Eq.
1022 1198 1096 1275 356,
1118 1198 1174 1262 ubi

271 1301 400 1367 Suides:
643 1301 646 1363 Ι
877 1303 1023 1368 Photius:

83 1399 118 1470 τὸ
139 1400 237 1493 παχὺ
259 1408 378 1493 μέρος
399 1416 458 1495 τῆς
476 1409 606 1485 κοιλίας
685 1402 725 1474 τό
753 1409 974 1495 παχυμερὲς
1004 1417 1064 1496 τῆς
1091 1409 1220 1485 κοιλίας

84 1513 116 1577 ἐν
138 1513 272 1601 ἐντέρῳ·
302 1515 348 1593 είς
370 1518 446 1601 τρία
468 1507 531 1600 χάρ
554 1514 605 1578 τί·
644 1590 646 1613 ἱ
687 1509 840 1602 ἔντερον·
865 1505 920 1582 ὥν
945 1515 991 1594 εἰς
1009 1518 1085 1603 τρία
1103 1516 1220 1602 τέτμη-

11 1699 13 1706 y
84 1645 191 1708 τμηται
216 1615 236 1710 ἡ
258 1619 397 1709 γαστήρ·
426 1615 605 1708 ἤνυστρον,
644 1636 646 1667 ³
685 1645 740 1687 ται
759 1615 778 1709 ἡ
796 1619 936 1709 γαστήρ·
960 1617 1138 1710 ἤνυστρον,
1158 1621 1218 1707 ίχῑ-

86 1727 194 1812 ίχίνον,
219 1725 444 1814 κεκρύφαλον.
644 1708 647 1767 l
686 1750 759 1822 νον,
782 1727 1005 1817 κεκρύφαλον.

11 1855 12 1874 ³
87 1837 173 1919 ltqni
199 1836 301 1902 elucet
328 1858 367 1900 ex
394 1835 564 1920 Hesychio:
596 1828 785 1923 ἢνυστραῂ]
814 1833 848 1900 αἱ
875 1838 999 1901 κοιλίαι
1021 1841 1092 1902 τῶν
1114 1839 1220 1916 βοῶν,

11 1951 13 1972 ³
87 1933 102 2004 i
123 1935 158 2007 τό
179 1935 281 2026 παχὺ
303 1943 421 2028 μέρος
443 1936 568 2022 αὐτῶν,
591 1939 723 2007 Suidam
745 1942 891 2009 hocloco
909 1944 1078 2027 genuinam
1097 1943 1220 2025 glossae

87 2048 205 2114 tonnam
228 2050 407 2125 retinuisse3
431 2051 535 2134 quisi
558 2069 597 2114 ex
618 2049 732 2114 Photio
754 2069 813 2114 sua
835 2049 1044 2132 compilasset,
1067 2055 1161 2126 certe,
1183 2055 1221 2112 nt

87 2155 211 2238 alioquin
244 2177 326 2238 quae
355 2155 511 2239 excerpsit
538 2177 608 2220 cnm
641 2154 815 2238 puluisculo
846 2157 986 2239 recipere
1019 2156 1131 2220 solitus
1163 2160 1220 2230 est,

87 2261 279 2344 depretiatam
303 2263 388 2327 illius
410 2263 533 2344 glossae
556 2261 689 2327 formam
712 2263 767 2325 uix
790 2261 995 2344 repudiasset.

90 2431 99 2454 ,
166 2369 293 2434 Accedit
320 2369 405 2451 quod
433 2369 587 2453 quidquid
615 2369 729 2434 Suidas
755 2369 788 2432 in
816 2367 927 2451 glossis
951 2367 1125 2434 aduersus
1150 2366 1221 2430 Ari·
1285 2357 1287 2360 ’

89 2475 262 2558 stopheneos
289 2475 523 2559 pertinentibus
546 2496 617 2539 cum
639 2475 754 2539 Photio
778 2493 941 2539 commune
963 2473 1073 2550 habet,
1099 2473 1220 2538 breuis-

90 2581 173 2648 simae
210 2585 396 2666 plerumque
437 2586 511 2646 sunt
550 2582 746 2664 singularum
787 2601 899 2646 uocum
936 2582 1222 2663 interpretationes,

91 2710 158 2770 quae
179 2691 261 2773 apud
282 2689 413 2754 Suidam
432 2688 460 2753 ei
479 2687 598 2752 scholio
618 2688 807 2770 praecedere
826 2687 937 2764 solent,
960 2688 1046 2770 quod
1067 2693 1100 2752 et
1119 2687 1220 2770 ipsum

92 2795 118 2856 in
145 2796 301 2861 codicibus
332 2792 573 2876 Aristophaneis
605 2794 739 2876 legitur,
770 2793 868 2858 ueluti
900 2795 941 2858 ad
975 2816 1004 2858 u.
1039 2795 1101 2858 154
1133 2815 1156 2858 s.
1180 2792 1220 2874 gl.

93 2901 313 2986 Προοκίψομαι
346 2899 465 2965 scholio
493 2899 536 2974 ei,
562 2901 646 2982 quod
674 2902 770 2965 ctiam
793 2901 826 2964 in
849 2899 1010 2966 codicibus
1033 2901 1221 2982 Aristopha-

93 3009 149 3072 neis
164 3009 287 3094 legitur,
306 3006 474 3090 explicatio
493 3007 708 3088 praemittitur
725 3001 966 3098 περισκοπήσω
985 3006 1103 3082 eadem,
1127 3027 1222 3088 qnam

93 3112 222 3182 Plotiust
241 3123 345 3180 netur.
382 3113 532 3196 Idemque
550 3114 638 3178 ualet
656 3115 687 3178 in
708 3115 747 3197 gl.
768 3113 982 3199 Πτερυχίζοιν
1004 3111 1044 3176 ad
1063 3111 1122 3194 Eq.
1140 3109 1221 3175 522:

93 3217 258 3304 πετόμενος
277 3221 292 3308 ΙΙ
312 3221 353 3304 gl.
372 3213 512 3284 Ῥόίίιον
534 3220 576 3284 ad
598 3220 656 3305 Eq.
680 3219 758 3284 546:
781 3209 821 3281 τό
844 3209 926 3302 μετὰ
950 3212 1067 3299 ψόφου
1091 3223 1178 3300 κῦμα
1201 3209 1222 3303 ἢ

94 3319 181 3408 ῥεῦμα
195 3327 210 3413 ΙΙ
224 3329 265 3411 gl.
285 3320 394 3392 Ἦνίαι
417 3327 458 3392 ad
482 3326 539 3410 Eq.
566 3327 665 3392 1109:
690 3333 793 3413 λῶροι
814 3329 962 3408 χαλινῶν
978 3322 992 3411 ΙΙ
1008 3324 1047 3406 gl.
1071 3325 1222 3410 Στερίφη

94 3429 125 3490 ad
146 3431 327 3516 Thesmoph.
351 3433 432 3498 641:
461 3443 589 3516 σπεῖρα,
612 3423 656 3518 μὴ
680 3439 824 3498 τεκοῦσα
847 3430 943 3517 (μηδὲ
966 3431 1127 3495 τίκτουσα
1150 3430 1221 3494 add.
1260 3471 1263 3476 ,

95 3531 223 3622 Plotius)
240 3538 253 3624 ll
270 3539 310 3622 gl.
329 3530 467 3625 Συβήνη
490 3539 531 3602 ad
553 3538 738 3622 Thesmoph.
762 3538 859 3601 1197:
881 3531 901 3623 ἡ
926 3538 1104 3622 όερματίνη
1124 3527 1221 3600 osito-

96 3637 178 3728 θήκη,
198 3638 219 3732 ἢ
242 3638 262 3730 ἡ
287 3645 436 3731 φαρέτρα
452 3643 466 3732 Η
482 3645 522 3729 gl.
545 3639 641 3728 Hdop
664 3643 761 3728 τέχνῃ
785 3645 824 3708 ad
845 3645 915 3728 Lys
934 3644 1014 3707 412:
1039 3640 1076 3705 ἐκ
1094 3633 1222 3716 παντός

96 3743 206 3827 τρόπου
230 3751 245 3838 ΙΙ
270 3753 310 3835 gl.
333 3748 509 3835 Στρόφιον
535 3754 577 3816 ad
606 3752 676 3834 Lys
700 3753 779 3816 931:
809 3743 849 3815 τό
882 3743 1086 3833 στρογγύλον
1114 3743 1220 3828 §mod-

98 3873 163 3932 ριον.
186 3896 226 3905 -

169 3963 338 4048 longiores
359 3983 437 4028 uero
460 3963 690 4040 adnotationes,
713 3963 827 4028 Photio
850 3969 883 4027 et
901 3961 1018 4026 Suidae
1037 3977 1223 4033 communes,

99 4083 162 4145 quac
186 4071 300 4134 desunt
327 4072 360 4133 in
387 4071 547 4135 codicibus
573 4071 690 4136 nostris
717 4069 970 4152 Aristophanem,
997 4069 1031 4130 in
1058 4068 1222 4148 utriusque

100 4167 177 4239 libros
196 4199 233 4240 ex
250 4179 405 4242 communi
419 4177 507 4242 fonte
522 4176 649 4242 fluxisse
664 4177 763 4259 magis
777 4176 966 4258 putauerim‚
984 4195 1078 4256 quam
1092 4170 1222 4236 Snidam

100 4273 184 4344 Photii
203 4282 323 4348 lexicon
343 4285 534 4369 compilasse.
571 4283 665 4348 Velut
684 4282 800 4348 Suidae
820 4288 852 4346 et
871 4280 978 4346 Photii
996 4280 1131 4363 glossam
1150 4278 1229 4360 llbe-N

102 4373 148 4444 λόν
163 4387 316 4470 γενέσθαι
337 4391 387 4454 del
404 4408 439 4455 oe
458 4389 551 4474 μέχρι
569 4397 631 4454 τοῦ
645 4389 808 4473 μυρρίνου
823 4389 894 4472 (Eq.
905 4387 994 4469 964).
1009 4378 1052 4450 ‘H
1061 4381 1222 4469 παροιμία
