3034 4896
725 340 942 404 ...18-

266 525 347 590 doce
361 525 513 610 Briegero
534 524 701 609 (Philolog.
720 527 844 608 XXIX,
863 531 924 592 417
941 529 1025 610 sqq.)
1045 546 1100 594 eos
1116 545 1229 592 versus
1244 545 1287 592 ex
1300 525 1391 591 altera

269 628 454 695 recensione
476 629 518 693 ab
540 627 612 712 ipso
634 635 731 712 poeta
752 628 840 694 iacta
861 636 947 694 ortos
969 635 1130 713 putemus.
1169 627 1267 714 Atqui
1282 627 1392 694 eicon-

267 731 464 809 sideramns‚
491 737 562 796 utra
584 730 727 796 recensio
750 731 839 816 prior
861 731 967 808 inerit,
994 731 1127 797 dubium
1148 751 1213 796 uon
1235 737 1299 810 est,
1323 729 1392 814 quio

267 838 405 899 51-53
428 833 604 918 posteriore
634 840 778 918 tempore
807 835 917 918 scripti
948 834 1012 900 siut
1039 853 1135 916 quam
1159 837 1211 898 31.
1259 833 1340 900 Nam
1367 842 1395 898 et

268 938 444 1022 pleniorem
467 935 682 1001 definitionem
705 937 861 1020 praebent
881 946 913 1003 et
929 936 1011 1003 illud
1025 937 1173 1019 dereptae
1187 935 1220 1001 in
1236 954 1332 1004 versu
1345 935 1392 1012 il,

267 1040 338 1122 qui,
364 1040 393 1106 si
415 1058 527 1104 versus
551 1042 691 1102 51-53
714 1059 735 1103 a
756 1046 852 1123 poeta
880 1039 1072 1123 compositos
1095 1037 1257 1119 ducimus,
1283 1037 1326 1106 ad
1346 1056 1395 1103 eos

266 1162 393 1226 quoqne
415 1141 606 1226 pertinebat,
633 1143 729 1222 satie,
755 1142 818 1208 nisi
840 1141 946 1218 fallor,
971 1141 1072 1220 docet,
1099 1142 1141 1206 ab
1163 1141 1254 1208 initio
1276 1159 1395 1210 remum

340 1244 535 1330 peraequari
553 1247 751 1310 menbranae
772 1265 919 1309 cumano
941 1246 985 1308 de
1007 1265 1178 1326 corpore
1199 1263 1332 1306 reram

269 1349 421 1433 scriptum
451 1347 563 1413 fuisse.
610 1349 662 1412 An
690 1367 766 1413 vero
801 1367 913 1413 censes
950 1346 1018 1412 fieri
1052 1346 1214 1430 potuisse,
1245 1353 1282 1412 ut
1308 1352 1398 1430 poeta

267 1457 382 1536 postea
402 1451 491 1515 illam
514 1449 731 1516 definitionem
747 1451 867 1529 mallet,
885 1449 1058 1532 imaginem
1073 1451 1121 1516 rei
1136 1450 1284 1518 corticem
1300 1449 1399 1534 potius

267 1553 521 1620 nominitcndam
537 1559 631 1620 esset
659 1553 816 1618 Nimirum
830 1552 1021 1633 addidisset,
1040 1552 1068 1617 si
1083 1552 1117 1616 in
1132 1553 1205 1637 ipsa
1219 1553 1400 1635 quaestione

268 1656 308 1722 de
321 1655 500 1722 simulacris
511 1655 658 1721 instituta
669 1655 855 1736 invenisset,
867 1654 993 1720 corticis
1001 1655 1148 1738 exemplo
1160 1655 1404 1722 beneillnstrari

269 1759 452 1824 simulacra.
499 1757 564 1822 Sed
587 1757 614 1822 si
637 1777 688 1823 res
711 1757 755 1822 ita
779 1777 814 1823 se
836 1757 987 1838 baberet,
1013 1777 1117 1824 nonne
1145 1765 1348 1841 exspectares
1371 1757 1406 1822 iu

267 1863 342 1947 ipsa
364 1861 604 1927 simulacrorum
626 1859 771 1926 doctrina
794 1859 963 1926 tractanda
985 1879 1058 1925 eum
1073 1859 1133 1926 boc
1149 1861 1296 1944 exemplo
1311 1879 1407 1925 usum

269 1969 363 2032 esset
406 1965 509 2046 Atque
531 1962 614 2046 quod
637 1963 862 2046 gravissimum
885 1970 944 2044 est,
970 1961 1052 2028 illud
1073 1961 1201 2028 corticis
1223 1963 1409 2046 exemplum

268 2089 343 2134 num
356 2067 437 2132 adeo
450 2066 495 2131 rei
507 2065 778 2132 accommodatum
792 2073 850 2144 est,
866 2071 900 2131 ut
911 2071 1038 2149 poetam
1055 2064 1160 2132 facere
1172 2085 1234 2130 nou
1248 2064 1404 2148 potuisse,

269 2170 348 2252 quin
369 2169 403 2233 id
425 2169 537 2234 ultima
559 2187 655 2233 maon
677 2168 842 2247 insereret,
869 2167 1078 2233 iudicemnsr
1108 2169 1192 2232 Nam
1215 2188 1286 2233 cum
1308 2174 1410 2252 poeta

155 2309 159 2316 ·
271 2273 319 2338 sio
339 2271 511 2355 inciperet:
539 2292 618 2355 quae
641 2269 961 2354 praecesseram,
985 2269 1019 2334 id
1041 2269 1245 2353 potissimum
1267 2268 1405 2350 studuit,

271 2383 306 2438 ut
317 2371 482 2440 tenuitatis
494 2372 737 2437 simulacrorum
752 2372 933 2455 exemplum
945 2378 1123 2454 quaereret,
1140 2391 1242 2454 eaque
1253 2370 1294 2436 de
1305 2389 1409 2436 cansa

269 2477 407 2561 primum
430 2474 594 2540 adiecerat
615 2496 732 2538 summo
755 2475 793 2538 de
815 2496 954 2556 corpore.
1002 2474 1045 2539 At
1074 2481 1183 2540 cortex
1210 2493 1314 2558 neque
1336 2481 1409 2540 tam

269 2579 374 2644 tenuis
397 2584 461 2658 est,
487 2585 524 2642 ut
544 2577 700 2660 aptiorem
723 2595 854 2642 sensum
883 2575 1034 2642 exhibeat
1060 2595 1157 2658 qnam
1187 2577 1407 2658 membranae,

269 2700 391 2764 neque,
417 2679 503 2762 quod
525 2679 603 2744 milri
632 2680 767 2744 multum
793 2678 902 2745 valere
930 2677 1067 2757 videtur,
1101 2678 1237 2744 eandem
1265 2678 1412 2761 speciem

270 2785 466 2865 formamque
496 2782 579 2864 gerit
611 2801 707 2864 quaro
739 2782 833 2847 robur
861 2781 983 2864 ipsum,
1023 2780 1107 2864 quod
1137 2781 1234 2863 tegit:
1265 2780 1301 2845 id
1329 2800 1412 2846 vero

269 2886 432 2971 proprium
456 2893 505 2951 est
526 2885 786 2964 simulacrorum,
813 2890 864 2960 ut,
891 2883 1038 2965 quamvis
1060 2883 1171 2949 tenuia
1193 2883 1271 2966 sint,
1296 2891 1412 2950 tamen

270 2989 407 3054 eandem
431 3008 559 3072 semper
581 2987 720 3071 speciem
743 3006 821 3072 prae
844 3006 880 3052 se
903 2985 1009 3052 serant
1030 3006 1126 3068 quam
1149 3006 1208 3052 eae
1232 3005 1292 3066 res,
1319 2986 1411 3053 nude

219 3159 224 3170 ,
270 3098 397 3158 exeunt.
434 3093 521 3174 Ergo
536 3111 599 3156 non
614 3096 710 3175 poeta
725 3109 780 3154 eos
796 3089 933 3173 scripsit,
949 3087 1007 3154 sed
1018 3088 1106 3154 idem
1117 3089 1173 3154 ille
1186 3089 1409 3172 interpolator.

356 3193 536 3278 Adscripsit
555 3192 663 3276 igitur,
690 3198 725 3256 ut
746 3191 854 3257 omnia
869 3189 1148 3276 comprehendam,
1173 3191 1266 3255 bomo
1280 3189 1414 3256 nescio-

270 3298 343 3381 quis
366 3297 408 3362 ad
430 3316 541 3362 versus
565 3299 691 3360 26-28
714 3295 772 3360 illa
794 3295 892 3360 rerba
914 3313 955 3359 ex
977 3293 1070 3359 tertio
1092 3293 1173 3359 libro
1198 3294 1345 3376 repetita,
1373 3303 1415 3362 ut

270 3402 303 3466 in
322 3407 442 3464 textum
458 3399 683 3483 reciperentur,
710 3405 832 3464 mutata
850 3397 1009 3481 particula
1031 3405 1068 3460 et
1089 3397 1122 3461 in
1145 3398 1230 3478 red,
1256 3395 1411 3479 quoniam

269 3503 334 3588 ipsi
344 3523 456 3586 parum
469 3502 656 3567 concinnum
664 3500 843 3581 ridebatur,
854 3498 936 3564 duas
949 3498 1185 3564 enuntiationes
1198 3497 1413 3567 secrrndariaa

270 3627 291 3670 a
302 3603 493 3689 copulatiris
505 3604 673 3689 particulis
686 3602 835 3682 exordiri,
850 3623 921 3667 cum
933 3601 1124 3686 praesertim
1135 3602 1169 3666 in
1181 3621 1292 3668 versus
1303 3602 1413 3668 fronte

271 3715 405 3789 starent,
431 3715 464 3772 et
485 3707 528 3773 ad
549 3726 678 3772 versum
703 3709 743 3769 30
758 3706 832 3770 illos
850 3711 925 3783 tres,
952 3724 1031 3786 quos
1047 3704 1118 3787 ipse
1134 3702 1308 3770 fabricatus
1324 3713 1409 3782 erat,

270 3819 307 3876 ut
328 3819 442 3895 poetae
458 3811 558 3876 verba
571 3811 649 3890 suis,
676 3808 837 3893 quaesibi
857 3808 980 3892 aptiora
997 3807 1191 3887 viderentur,
1218 3805 1410 3891 depelleret.

272 3914 337 3980 Sed
366 3914 411 3995 is,
442 3914 498 3996 qui
520 3912 661 3978 codicem
691 3910 787 3976 huius
814 3910 1051 3994 interpolatoris
1081 3909 1298 3992 transcripsit,
1330 3910 1415 3974 reti-

271 4017 341 4082 nuit
368 4015 518 4080 traditam
549 4015 754 4099 scripturam,
787 4011 913 4078 addidit
942 4019 1051 4077 tamen
1083 4029 1140 4080 eas
1169 4010 1410 4090 adnotationes,

271 4139 343 4185 oum
380 4119 495 4202 quibus
528 4137 641 4183 versus
675 4119 727 4180 29.
764 4120 805 4180 30
840 4115 1021 4198 coniunxit,
1062 4115 1132 4180 sine
1168 4113 1285 4196 quibus
1320 4115 1414 4180 nulla

270 4222 354 4288 iuter
376 4241 412 4287 se
435 4221 655 4286 coniunctione
677 4218 803 4301 positae
823 4217 1026 4299 ridebantur,
1053 4216 1113 4282 sub
1135 4216 1275 4300 paginae
1297 4215 1410 4300 finem,
