<?xml version="1.0" encoding="UTF-8"?>
<!DOCTYPE html PUBLIC "-//W3C//DTD XHTML 1.0 Transitional//EN"
    "http://www.w3.org/TR/xhtml1/DTD/xhtml1-transitional.dtd">
<html xmlns="http://www.w3.org/1999/xhtml" xml:lang="en" lang="en">
 <head>
  <title>
</title>
<meta http-equiv="Content-Type" content="text/html;charset=utf-8" />
  <meta name='ocr-system' content='tesseract 3.04.00' />
  <meta name='ocr-capabilities' content='ocr_page ocr_carea ocr_par ocr_line ocrx_word'/>
</head>
<body>
  <div class='ocr_page' id='page_1' title='image "./dissertationesp02unkngoog/dissertationesp02unkngoog_0612.png"; bbox 0 0 2994 4890; ppageno 0'>
   <div class='ocr_carea' id='block_1_1' title="bbox 521 337 1222 417">
    <p class='ocr_par' dir='ltr' id='par_1_1' title="bbox 521 337 1222 417">
     <span class='ocr_line' id='line_1_1' title="bbox 521 337 1222 417; baseline 0.001 -19"><span class='ocrx_word' id='word_1_1' title='bbox 521 372 565 382; x_wconf 96' lang='lat'><em>-</em></span> <span class='ocrx_word' id='word_1_2' title='bbox 611 337 698 417; x_wconf 79' lang='lat'>[191]</span> <span class='ocrx_word' id='word_1_3' title='bbox 746 373 789 383; x_wconf 94' lang='lat'><em>-</em></span> <span class='ocrx_word' id='word_1_4' title='bbox 1164 339 1222 401; x_wconf 82' lang='lat'><strong><em>107</em></strong></span> 
     </span>
    </p>
   </div>
   <div class='ocr_carea' id='block_1_2' title="bbox 89 515 1224 712">
    <p class='ocr_par' dir='ltr' id='par_1_2' title="bbox 89 515 1224 712">
     <span class='ocr_line' id='line_1_2' title="bbox 89 515 1219 608; baseline 0.004 -24"><span class='ocrx_word' id='word_1_5' title='bbox 89 522 144 584; x_wconf 78' lang='grc' dir='ltr'><strong><em>καί</em></strong></span> <span class='ocrx_word' id='word_1_6' title='bbox 167 517 254 586; x_wconf 77' lang='grc' dir='ltr'><strong><em>κατὰ</em></strong></span> <span class='ocrx_word' id='word_1_7' title='bbox 275 518 336 607; x_wconf 83' lang='grc' dir='ltr'><strong><em>τὴν</em></strong></span> <span class='ocrx_word' id='word_1_8' title='bbox 357 515 559 606; x_wconf 85' lang='grc' dir='ltr'><strong><em>προαίρεσιν</em></strong></span> <span class='ocrx_word' id='word_1_9' title='bbox 584 571 591 584; x_wconf 94' lang='grc'><strong>.</strong></span> <span class='ocrx_word' id='word_1_10' title='bbox 613 571 619 585; x_wconf 93' lang='grc'><em>.</em></span> <span class='ocrx_word' id='word_1_11' title='bbox 642 569 648 583; x_wconf 89' lang='grc'><strong>.</strong></span> <span class='ocrx_word' id='word_1_12' title='bbox 673 523 730 586; x_wconf 84' lang='grc' dir='ltr'><strong><em>καί</em></strong></span> <span class='ocrx_word' id='word_1_13' title='bbox 753 519 838 586; x_wconf 86' lang='grc' dir='ltr'><strong><em>κατὰ</em></strong></span> <span class='ocrx_word' id='word_1_14' title='bbox 861 518 921 608; x_wconf 79' lang='grc' dir='ltr'><strong><em>τὴν</em></strong></span> <span class='ocrx_word' id='word_1_15' title='bbox 942 519 1097 604; x_wconf 80' lang='grc' dir='ltr'><strong><em>δύναμιν.</em></strong></span> <span class='ocrx_word' id='word_1_16' title='bbox 1145 526 1219 588; x_wconf 81' lang='grc'>8191</span> 
     </span>
     <span class='ocr_line' id='line_1_3' title="bbox 90 612 1224 712; baseline 0.002 -24"><span class='ocrx_word' id='word_1_17' title='bbox 90 612 183 688; x_wconf 73' lang='grc' dir='ltr'><strong><em>οὗτοι</em></strong></span> <span class='ocrx_word' id='word_1_18' title='bbox 205 627 403 709; x_wconf 78' lang='grc' dir='ltr'><strong><em>προαιρέσει</em></strong></span> <span class='ocrx_word' id='word_1_19' title='bbox 426 647 460 690; x_wconf 83' lang='grc' dir='ltr'><strong><em>τε</em></strong></span> <span class='ocrx_word' id='word_1_20' title='bbox 484 617 588 710; x_wconf 82' lang='grc' dir='ltr'><strong><em>ὁμοίᾳ</em></strong></span> <span class='ocrx_word' id='word_1_21' title='bbox 609 622 793 712; x_wconf 77' lang='grc' dir='ltr'><strong><em>ἐχρήσαντο</em></strong></span> <span class='ocrx_word' id='word_1_22' title='bbox 820 674 826 689; x_wconf 91' lang='grc'><strong><em>.</em></strong></span> <span class='ocrx_word' id='word_1_23' title='bbox 849 674 854 688; x_wconf 94' lang='grc'><strong><em>.</em></strong></span> <span class='ocrx_word' id='word_1_24' title='bbox 878 674 883 687; x_wconf 97' lang='grc'>.</span> <span class='ocrx_word' id='word_1_25' title='bbox 916 625 973 689; x_wconf 83' lang='grc' dir='ltr'><strong><em>καί</em></strong></span> <span class='ocrx_word' id='word_1_26' title='bbox 1002 621 1161 707; x_wconf 87' lang='grc' dir='ltr'><strong><em>δυνάμεις</em></strong></span> <span class='ocrx_word' id='word_1_27' title='bbox 1184 619 1224 690; x_wconf 84' lang='grc' dir='ltr'><strong><em>οὐ</em></strong></span> 
     </span>
    </p>
   </div>
   <div class='ocr_carea' id='block_1_3' title="bbox 87 721 1224 2050">
    <p class='ocr_par' dir='ltr' id='par_1_3' title="bbox 87 721 1224 2050">
     <span class='ocr_line' id='line_1_4' title="bbox 89 721 1223 814; baseline 0.004 -24"><span class='ocrx_word' id='word_1_28' title='bbox 89 724 178 792; x_wconf 67' lang='lat' dir='ltr'><strong>nott</strong></span> <span class='ocrx_word' id='word_1_29' title='bbox 199 751 233 791; x_wconf 90' lang='grc' dir='ltr'><strong><em>τι</em></strong></span> <span class='ocrx_word' id='word_1_30' title='bbox 254 725 483 813; x_wconf 83' lang='grc' dir='ltr'><strong><em>διαφερούσας</em></strong></span> <span class='ocrx_word' id='word_1_31' title='bbox 513 726 612 808; x_wconf 73' lang='grc' dir='ltr'><strong><em>ἔσχον</em></strong></span> <span class='ocrx_word' id='word_1_32' title='bbox 641 722 804 813; x_wconf 79' lang='grc' dir='ltr'><strong><em>ἀλλήλων.</em></strong></span> <span class='ocrx_word' id='word_1_33' title='bbox 854 731 941 793; x_wconf 76' lang='grc'>84711</span> <span class='ocrx_word' id='word_1_34' title='bbox 969 722 1045 793; x_wconf 80' lang='grc' dir='ltr'><strong><em>οὔτε</em></strong></span> <span class='ocrx_word' id='word_1_35' title='bbox 1076 734 1134 814; x_wconf 79' lang='grc' dir='ltr'><strong><em>τῆς</em></strong></span> <span class='ocrx_word' id='word_1_36' title='bbox 1162 721 1223 794; x_wconf 79' lang='grc' dir='ltr'><strong><em>αδ-</em></strong></span> 
     </span>
     <span class='ocr_line' id='line_1_5' title="bbox 88 824 1223 918; baseline 0 -24"><span class='ocrx_word' id='word_1_37' title='bbox 88 838 144 918; x_wconf 59' lang='lat' dir='ltr'><strong>tric</strong></span> <span class='ocrx_word' id='word_1_38' title='bbox 169 825 211 896; x_wconf 87' lang='grc' dir='ltr'><strong><em>άν</em></strong></span> <span class='ocrx_word' id='word_1_39' title='bbox 234 835 464 915; x_wconf 87' lang='grc' dir='ltr'><strong><em>προαιρέσεως</em></strong></span> <span class='ocrx_word' id='word_1_40' title='bbox 487 829 616 910; x_wconf 85' lang='grc' dir='ltr'><strong><em>δόξειεν</em></strong></span> <span class='ocrx_word' id='word_1_41' title='bbox 646 825 843 917; x_wconf 79' lang='grc' dir='ltr'><strong><em>ἀμφοτέρας</em></strong></span> <span class='ocrx_word' id='word_1_42' title='bbox 872 824 1038 917; x_wconf 76' lang='grc' dir='ltr'><strong><em>ὑπάρχειν</em></strong></span> <span class='ocrx_word' id='word_1_43' title='bbox 1061 828 1136 896; x_wconf 77' lang='grc' dir='ltr'><strong><em>οὔτε</em></strong></span> <span class='ocrx_word' id='word_1_44' title='bbox 1165 838 1223 917; x_wconf 70' lang='grc' dir='ltr'><strong><em>τῆς</em></strong></span> 
     </span>
     <span class='ocr_line' id='line_1_6' title="bbox 89 929 1224 1020; baseline -0.002 -20"><span class='ocrx_word' id='word_1_45' title='bbox 89 929 191 1019; x_wconf 77' lang='grc' dir='ltr'><strong><em>αὐτῆς</em></strong></span> <span class='ocrx_word' id='word_1_46' title='bbox 224 930 409 1015; x_wconf 88' lang='grc' dir='ltr'><strong><em>δυνάμεως.</em></strong></span> <span class='ocrx_word' id='word_1_47' title='bbox 442 971 484 982; x_wconf 89' lang='grc'>-</span> <span class='ocrx_word' id='word_1_48' title='bbox 517 936 553 1000; x_wconf 89' lang='lat' dir='ltr'><strong><em>P.</em></strong></span> <span class='ocrx_word' id='word_1_49' title='bbox 580 939 701 1000; x_wconf 81' lang='lat' dir='ltr'><strong>90011ss</strong></span> <span class='ocrx_word' id='word_1_50' title='bbox 735 934 824 1012; x_wconf 85' lang='grc' dir='ltr'><strong><em>λέξει</em></strong></span> <span class='ocrx_word' id='word_1_51' title='bbox 856 957 891 998; x_wconf 91' lang='grc' dir='ltr'><strong><em>τε</em></strong></span> <span class='ocrx_word' id='word_1_52' title='bbox 924 930 1130 1020; x_wconf 80' lang='grc' dir='ltr'><strong><em>κεκόσμηκεν</em></strong></span> <span class='ocrx_word' id='word_1_53' title='bbox 1162 930 1224 998; x_wconf 89' lang='grc' dir='ltr'><strong><em>αὐ-</em></strong></span> 
     </span>
     <span class='ocr_line' id='line_1_7' title="bbox 88 1029 1223 1123; baseline 0.002 -24"><span class='ocrx_word' id='word_1_54' title='bbox 88 1035 165 1113; x_wconf 81' lang='grc' dir='ltr'><strong><em>τοὺς</em></strong></span> <span class='ocrx_word' id='word_1_55' title='bbox 193 1040 333 1121; x_wconf 73' lang='grc' dir='ltr'><strong><em>καθαρᾷ</em></strong></span> <span class='ocrx_word' id='word_1_56' title='bbox 361 1037 418 1102; x_wconf 82' lang='grc' dir='ltr'><strong><em>καί</em></strong></span> <span class='ocrx_word' id='word_1_57' title='bbox 440 1049 546 1123; x_wconf 85' lang='grc' dir='ltr'><strong><em>σαφεῖ</em></strong></span> <span class='ocrx_word' id='word_1_58' title='bbox 575 1038 632 1103; x_wconf 87' lang='grc' dir='ltr'><strong><em>καί</em></strong></span> <span class='ocrx_word' id='word_1_59' title='bbox 661 1033 817 1120; x_wconf 79' lang='grc' dir='ltr'><strong><em>συντόμῳ</em></strong></span> <span class='ocrx_word' id='word_1_60' title='bbox 844 1032 984 1112; x_wconf 81' lang='grc' dir='ltr'><strong><em>καὶτὰς</em></strong></span> <span class='ocrx_word' id='word_1_61' title='bbox 1010 1031 1114 1112; x_wconf 83' lang='grc' dir='ltr'><strong><em>ἀλλος</em></strong></span> <span class='ocrx_word' id='word_1_62' title='bbox 1145 1029 1223 1121; x_wconf 86' lang='grc' dir='ltr'><strong><em>ἀρε-</em></strong></span> 
     </span>
     <span class='ocr_line' id='line_1_8' title="bbox 88 1132 1223 1226; baseline 0.002 -24"><span class='ocrx_word' id='word_1_63' title='bbox 88 1137 146 1215; x_wconf 85' lang='grc' dir='ltr'><strong><em>τάς</em></strong></span> <span class='ocrx_word' id='word_1_64' title='bbox 182 1136 302 1224; x_wconf 78' lang='grc' dir='ltr'><strong><em>έχοάσῃ</em></strong></span> <span class='ocrx_word' id='word_1_65' title='bbox 336 1136 398 1226; x_wconf 78' lang='grc' dir='ltr'><strong><em>τήν</em></strong></span> <span class='ocrx_word' id='word_1_66' title='bbox 429 1163 464 1204; x_wconf 88' lang='grc' dir='ltr'><strong><em>τε</em></strong></span> <span class='ocrx_word' id='word_1_67' title='bbox 496 1133 663 1224; x_wconf 79' lang='grc' dir='ltr'><strong><em>ἁρμονίαν</em></strong></span> <span class='ocrx_word' id='word_1_68' title='bbox 693 1134 799 1214; x_wconf 73' lang='grc' dir='ltr'><strong><em>οὕτως</em></strong></span> <span class='ocrx_word' id='word_1_69' title='bbox 831 1138 974 1204; x_wconf 83' lang='grc' dir='ltr'><strong><em>έναυίον</em></strong></span> <span class='ocrx_word' id='word_1_70' title='bbox 1007 1132 1223 1205; x_wconf 77' lang='grc' dir='ltr'><strong><em>ἀποδέδωκεν</em></strong></span> 
     </span>
     <span class='ocr_line' id='line_1_9' title="bbox 89 1235 1222 1328; baseline 0.001 -23"><span class='ocrx_word' id='word_1_71' title='bbox 89 1235 157 1323; x_wconf 84' lang='grc' dir='ltr'><strong><em>άμα</em></strong></span> <span class='ocrx_word' id='word_1_72' title='bbox 191 1253 262 1316; x_wconf 86' lang='grc' dir='ltr'><strong><em>τοῖς</em></strong></span> <span class='ocrx_word' id='word_1_73' title='bbox 296 1235 444 1328; x_wconf 77' lang='grc' dir='ltr'><strong><em>ἡδίστοις</em></strong></span> <span class='ocrx_word' id='word_1_74' title='bbox 478 1238 783 1327; x_wconf 69' lang='grc' dir='ltr'><strong><em>παρεξετάζεσθαι.</em></strong></span> <span class='ocrx_word' id='word_1_75' title='bbox 845 1241 998 1307; x_wconf 79' lang='lat' dir='ltr'><strong>Reiakius</strong></span> <span class='ocrx_word' id='word_1_76' title='bbox 1033 1240 1222 1307; x_wconf 81' lang='lat' dir='ltr'><strong>difficultate</strong></span> 
     </span>
     <span class='ocr_line' id='line_1_10' title="bbox 87 1339 1223 1430; baseline 0 -20"><span class='ocrx_word' id='word_1_77' title='bbox 87 1350 259 1429; x_wconf 75' lang='lat' dir='ltr'><strong>perspecta</strong></span> <span class='ocrx_word' id='word_1_78' title='bbox 280 1344 468 1430; x_wconf 75' lang='lat' dir='ltr'><strong>particulam</strong></span> <span class='ocrx_word' id='word_1_79' title='bbox 491 1339 575 1410; x_wconf 80' lang='grc' dir='ltr'><strong><em>ὥστε</em></strong></span> <span class='ocrx_word' id='word_1_80' title='bbox 605 1365 662 1430; x_wconf 85' lang='lat' dir='ltr'><strong><em>pro</em></strong></span> <span class='ocrx_word' id='word_1_81' title='bbox 686 1339 755 1426; x_wconf 83' lang='grc' dir='ltr'><strong><em>ἀμα</em></strong></span> <span class='ocrx_word' id='word_1_82' title='bbox 778 1344 939 1412; x_wconf 82' lang='lat' dir='ltr'><strong>sententia</strong></span> <span class='ocrx_word' id='word_1_83' title='bbox 968 1343 1123 1428; x_wconf 84' lang='lat' dir='ltr'><strong>postulari</strong></span> <span class='ocrx_word' id='word_1_84' title='bbox 1146 1364 1223 1410; x_wconf 83' lang='lat' dir='ltr'><strong>een-</strong></span> 
     </span>
     <span class='ocr_line' id='line_1_11' title="bbox 89 1441 1223 1532; baseline -0.002 -18"><span class='ocrx_word' id='word_1_85' title='bbox 89 1453 147 1528; x_wconf 82' lang='lat' dir='ltr'><strong>set,</strong></span> <span class='ocrx_word' id='word_1_86' title='bbox 182 1447 367 1530; x_wconf 81' lang='lat' dir='ltr'><strong>Kmegerna</strong></span> <span class='ocrx_word' id='word_1_87' title='bbox 390 1455 559 1532; x_wconf 84' lang='lat' dir='ltr'><strong>praeterea</strong></span> <span class='ocrx_word' id='word_1_88' title='bbox 582 1446 725 1514; x_wconf 74' lang='grc' dir='ltr'><strong><em>ἔναυλον</em></strong></span> <span class='ocrx_word' id='word_1_89' title='bbox 751 1441 867 1523; x_wconf 83' lang='grc' dir='ltr'><strong><em>αὐτοῖς</em></strong></span> <span class='ocrx_word' id='word_1_90' title='bbox 889 1446 1092 1514; x_wconf 80' lang='lat' dir='ltr'><strong>scribendum</strong></span> <span class='ocrx_word' id='word_1_91' title='bbox 1115 1447 1223 1530; x_wconf 78' lang='lat' dir='ltr'><strong>suspi-</strong></span> 
     </span>
     <span class='ocr_line' id='line_1_12' title="bbox 89 1543 1223 1634; baseline 0 -20"><span class='ocrx_word' id='word_1_92' title='bbox 89 1555 188 1614; x_wconf 83' lang='lat' dir='ltr'><strong>eatnr.</strong></span> <span class='ocrx_word' id='word_1_93' title='bbox 228 1549 270 1614; x_wconf 81' lang='lat' dir='ltr'><strong>At</strong></span> <span class='ocrx_word' id='word_1_94' title='bbox 293 1543 362 1632; x_wconf 83' lang='grc' dir='ltr'><strong><em>ἀμα</em></strong></span> <span class='ocrx_word' id='word_1_95' title='bbox 386 1556 470 1616; x_wconf 80' lang='lat' dir='ltr'><strong>certe</strong></span> <span class='ocrx_word' id='word_1_96' title='bbox 487 1551 661 1634; x_wconf 87' lang='lat' dir='ltr'><strong>genuinum</strong></span> <span class='ocrx_word' id='word_1_97' title='bbox 678 1559 743 1628; x_wconf 81' lang='grc' dir='ltr'><strong><em>εεί;</em></strong></span> <span class='ocrx_word' id='word_1_98' title='bbox 770 1550 856 1615; x_wconf 87' lang='lat' dir='ltr'><strong>idem</strong></span> <span class='ocrx_word' id='word_1_99' title='bbox 878 1549 1000 1616; x_wconf 79' lang='lat' dir='ltr'><strong>indicat</strong></span> <span class='ocrx_word' id='word_1_100' title='bbox 1020 1548 1109 1633; x_wconf 80' lang='lat' dir='ltr'><strong>prius</strong></span> <span class='ocrx_word' id='word_1_101' title='bbox 1133 1549 1223 1614; x_wconf 80' lang='lat' dir='ltr'><strong>colon</strong></span> 
     </span>
     <span class='ocr_line' id='line_1_13' title="bbox 88 1650 1223 1737; baseline 0 -21"><span class='ocrx_word' id='word_1_102' title='bbox 88 1650 243 1717; x_wconf 85' lang='lat' dir='ltr'><strong>enuntiati</strong></span> <span class='ocrx_word' id='word_1_103' title='bbox 275 1653 470 1718; x_wconf 73' lang='lat' dir='ltr'><strong>consecutivi</strong></span> <span class='ocrx_word' id='word_1_104' title='bbox 507 1652 693 1720; x_wconf 77' lang='lat' dir='ltr'><strong>desiderari.</strong></span> <span class='ocrx_word' id='word_1_105' title='bbox 755 1654 884 1737; x_wconf 82' lang='lat' dir='ltr'><strong>Itaque,</strong></span> <span class='ocrx_word' id='word_1_106' title='bbox 925 1651 954 1717; x_wconf 83' lang='grc' dir='ltr'><strong><em>οἱ</em></strong></span> <span class='ocrx_word' id='word_1_107' title='bbox 990 1651 1062 1734; x_wconf 87' lang='lat' dir='ltr'><strong>quis</strong></span> <span class='ocrx_word' id='word_1_108' title='bbox 1098 1651 1223 1716; x_wconf 85' lang='lat' dir='ltr'><strong>Reiskii</strong></span> 
     </span>
     <span class='ocr_line' id='line_1_14' title="bbox 88 1748 1224 1841; baseline 0.001 -22"><span class='ocrx_word' id='word_1_109' title='bbox 88 1761 120 1819; x_wconf 86' lang='lat' dir='ltr'><strong>et</strong></span> <span class='ocrx_word' id='word_1_110' title='bbox 141 1754 299 1838; x_wconf 83' lang='lat' dir='ltr'><strong>Krnegeri</strong></span> <span class='ocrx_word' id='word_1_111' title='bbox 325 1755 524 1823; x_wconf 78' lang='lat' dir='ltr'><strong>coniecturae</strong></span> <span class='ocrx_word' id='word_1_112' title='bbox 553 1757 721 1841; x_wconf 73' lang='lat' dir='ltr'><strong>amplexus</strong></span> <span class='ocrx_word' id='word_1_113' title='bbox 745 1755 813 1836; x_wconf 89' lang='lat' dir='ltr'><strong>erit,</strong></span> <span class='ocrx_word' id='word_1_114' title='bbox 849 1755 966 1821; x_wconf 72' lang='lat' dir='ltr'><strong>scribet</strong></span> <span class='ocrx_word' id='word_1_115' title='bbox 994 1748 1101 1830; x_wconf 76' lang='grc' dir='ltr'><strong><em>οὕτως</em></strong></span> <span class='ocrx_word' id='word_1_116' title='bbox 1124 1752 1224 1820; x_wconf 79' lang='grc' dir='ltr'><strong><em>ἔναυ-</em></strong></span> 
     </span>
     <span class='ocr_line' id='line_1_15' title="bbox 88 1850 1223 1946; baseline -0.003 -23"><span class='ocrx_word' id='word_1_117' title='bbox 88 1859 148 1923; x_wconf 81' lang='grc' dir='ltr'><strong><em>λον</em></strong></span> <span class='ocrx_word' id='word_1_118' title='bbox 171 1850 388 1924; x_wconf 75' lang='grc' dir='ltr'><strong><em>ἀποδέδωκεν</em></strong></span> <span class='ocrx_word' id='word_1_119' title='bbox 408 1851 540 1945; x_wconf 82' lang='grc' dir='ltr'><strong><em>(αὐτοῖς</em></strong></span> <span class='ocrx_word' id='word_1_120' title='bbox 563 1853 646 1923; x_wconf 83' lang='grc' dir='ltr'><strong><em>ὥστε</em></strong></span> <span class='ocrx_word' id='word_1_121' title='bbox 669 1888 686 1918; x_wconf 68' lang='lat' dir='ltr'><strong>e</strong></span> <span class='ocrx_word' id='word_1_122' title='bbox 701 1887 718 1918; x_wconf 72' lang='grc' dir='ltr'><strong><em>ι</em></strong></span> <span class='ocrx_word' id='word_1_123' title='bbox 733 1887 751 1918; x_wconf 71' lang='grc' dir='ltr'><strong><em>ε</em></strong></span> <span class='ocrx_word' id='word_1_124' title='bbox 774 1856 846 1946; x_wconf 84' lang='grc' dir='ltr'><strong><em>καί)</em></strong></span> <span class='ocrx_word' id='word_1_125' title='bbox 875 1852 945 1941; x_wconf 85' lang='grc' dir='ltr'><strong><em>άμα</em></strong></span> <span class='ocrx_word' id='word_1_126' title='bbox 974 1869 1046 1934; x_wconf 83' lang='grc' dir='ltr'><strong><em>τοῖς</em></strong></span> <span class='ocrx_word' id='word_1_127' title='bbox 1077 1851 1223 1943; x_wconf 75' lang='grc' dir='ltr'><strong><em>ἡδίστοις</em></strong></span> 
     </span>
     <span class='ocr_line' id='line_1_16' title="bbox 88 1958 393 2050; baseline -0.007 -24"><span class='ocrx_word' id='word_1_128' title='bbox 88 1958 393 2050; x_wconf 75' lang='grc' dir='ltr'><strong><em>παρεξετάζεσθαι.</em></strong></span> 
     </span>
    </p>
   </div>
   <div class='ocr_carea' id='block_1_4' title="bbox 564 2133 743 2316">
    <p class='ocr_par' dir='ltr' id='par_1_4' title="bbox 564 2133 743 2316">
     <span class='ocr_line' id='line_1_17' title="bbox 632 2133 671 2196; baseline -0.026 0"><span class='ocrx_word' id='word_1_129' title='bbox 632 2133 671 2196; x_wconf 91' lang='lat' dir='ltr'><strong><em>V.</em></strong></span> 
     </span>
     <span class='ocr_line' id='line_1_18' title="bbox 564 2253 743 2316; baseline -0.006 -12"><span class='ocrx_word' id='word_1_130' title='bbox 564 2253 743 2316; x_wconf 67' lang='lat' dir='ltr'><strong>appendix.</strong></span> 
     </span>
    </p>
   </div>
   <div class='ocr_carea' id='block_1_5' title="bbox 86 2369 1225 4106">
    <p class='ocr_par' dir='ltr' id='par_1_5' title="bbox 89 2369 1223 2557">
     <span class='ocr_line' id='line_1_19' title="bbox 176 2369 1223 2456; baseline 0.001 -19"><span class='ocrx_word' id='word_1_131' title='bbox 176 2373 300 2456; x_wconf 80' lang='lat' dir='ltr'><strong>Agmen</strong></span> <span class='ocrx_word' id='word_1_132' title='bbox 320 2370 471 2436; x_wconf 83' lang='lat' dir='ltr'><strong>claudant</strong></span> <span class='ocrx_word' id='word_1_133' title='bbox 492 2371 521 2436; x_wconf 90' lang='lat' dir='ltr'><strong><em>ei</em></strong></span> <span class='ocrx_word' id='word_1_134' title='bbox 544 2369 615 2452; x_wconf 82' lang='lat' dir='ltr'><strong>loci,</strong></span> <span class='ocrx_word' id='word_1_135' title='bbox 642 2371 806 2454; x_wconf 77' lang='lat' dir='ltr'><strong>inquibus</strong></span> <span class='ocrx_word' id='word_1_136' title='bbox 828 2390 931 2454; x_wconf 87' lang='lat' dir='ltr'><strong>neque</strong></span> <span class='ocrx_word' id='word_1_137' title='bbox 945 2371 1095 2437; x_wconf 80' lang='lat' dir='ltr'><strong>traditam</strong></span> <span class='ocrx_word' id='word_1_138' title='bbox 1112 2373 1223 2440; x_wconf 82' lang='lat' dir='ltr'><strong>lectio·</strong></span> 
     </span>
     <span class='ocr_line' id='line_1_20' title="bbox 89 2473 1193 2557; baseline 0 -19"><span class='ocrx_word' id='word_1_139' title='bbox 89 2493 162 2540; x_wconf 81' lang='lat' dir='ltr'><strong><em>nem</em></strong></span> <span class='ocrx_word' id='word_1_140' title='bbox 185 2493 293 2540; x_wconf 83' lang='lat' dir='ltr'><strong>veram</strong></span> <span class='ocrx_word' id='word_1_141' title='bbox 317 2473 511 2540; x_wconf 77' lang='lat' dir='ltr'><strong>essentiam</strong></span> <span class='ocrx_word' id='word_1_142' title='bbox 535 2479 567 2537; x_wconf 85' lang='lat' dir='ltr'><strong>et</strong></span> <span class='ocrx_word' id='word_1_143' title='bbox 588 2482 673 2540; x_wconf 82' lang='lat' dir='ltr'><strong>nerto</strong></span> <span class='ocrx_word' id='word_1_144' title='bbox 695 2473 773 2557; x_wconf 89' lang='lat' dir='ltr'><strong>quid</strong></span> <span class='ocrx_word' id='word_1_145' title='bbox 795 2479 935 2540; x_wconf 78' lang='lat' dir='ltr'><strong>statuam</strong></span> <span class='ocrx_word' id='word_1_146' title='bbox 958 2494 1021 2539; x_wconf 87' lang='lat' dir='ltr'><strong><em>non</em></strong></span> <span class='ocrx_word' id='word_1_147' title='bbox 1044 2473 1193 2542; x_wconf 85' lang='lat' dir='ltr'><strong>habeam.</strong></span> 
     </span>
    </p>

    <p class='ocr_par' dir='ltr' id='par_1_6' title="bbox 86 2570 1225 4106">
     <span class='ocr_line' id='line_1_21' title="bbox 175 2570 1223 2664; baseline 0.001 -24"><span class='ocrx_word' id='word_1_148' title='bbox 175 2577 212 2640; x_wconf 91' lang='grc' dir='ltr'><strong><em>Ρ.</em></strong></span> <span class='ocrx_word' id='word_1_149' title='bbox 230 2581 337 2641; x_wconf 75' lang='grc' dir='ltr'><strong><em>4601εε</em></strong></span> <span class='ocrx_word' id='word_1_150' title='bbox 360 2573 497 2661; x_wconf 77' lang='grc' dir='ltr'><strong><em>ἔγγιστα</em></strong></span> <span class='ocrx_word' id='word_1_151' title='bbox 520 2575 556 2642; x_wconf 81' lang='grc' dir='ltr'><strong><em>δὲ</em></strong></span> <span class='ocrx_word' id='word_1_152' title='bbox 579 2570 682 2664; x_wconf 76' lang='grc' dir='ltr'><strong><em>αὐτῆς</em></strong></span> <span class='ocrx_word' id='word_1_153' title='bbox 710 2579 765 2662; x_wconf 78' lang='lat' dir='ltr'>(so.</span> <span class='ocrx_word' id='word_1_154' title='bbox 790 2583 849 2664; x_wconf 75' lang='grc' dir='ltr'><strong><em>τῆς</em></strong></span> <span class='ocrx_word' id='word_1_155' title='bbox 872 2573 928 2642; x_wconf 83' lang='grc' dir='ltr'><strong><em>διὰ</em></strong></span> <span class='ocrx_word' id='word_1_156' title='bbox 954 2585 1020 2642; x_wconf 80' lang='grc' dir='ltr'><strong><em>τῶν</em></strong></span> <span class='ocrx_word' id='word_1_157' title='bbox 1042 2583 1166 2662; x_wconf 89' lang='grc' dir='ltr'><strong><em>κυρίων</em></strong></span> <span class='ocrx_word' id='word_1_158' title='bbox 1188 2602 1223 2642; x_wconf 84' lang='grc' dir='ltr'><strong><em>τε</em></strong></span> 
     </span>
     <span class='ocr_line' id='line_1_22' title="bbox 89 2673 1224 2766; baseline 0.001 -22"><span class='ocrx_word' id='word_1_159' title='bbox 89 2681 146 2744; x_wconf 82' lang='grc' dir='ltr'><strong><em>καὶ</em></strong></span> <span class='ocrx_word' id='word_1_160' title='bbox 168 2687 289 2746; x_wconf 84' lang='grc' dir='ltr'><strong><em>κοινῶν</em></strong></span> <span class='ocrx_word' id='word_1_161' title='bbox 314 2681 371 2744; x_wconf 87' lang='grc' dir='ltr'><strong><em>καὶ</em></strong></span> <span class='ocrx_word' id='word_1_162' title='bbox 394 2677 544 2764; x_wconf 78' lang='grc' dir='ltr'><strong><em>ἐνμέσῳ</em></strong></span> <span class='ocrx_word' id='word_1_163' title='bbox 567 2685 731 2762; x_wconf 88' lang='grc' dir='ltr'><strong><em>κειμένων</em></strong></span> <span class='ocrx_word' id='word_1_164' title='bbox 753 2673 931 2762; x_wconf 79' lang='grc' dir='ltr'><strong><em>ὀνομάτων</em></strong></span> <span class='ocrx_word' id='word_1_165' title='bbox 954 2679 1160 2766; x_wconf 71' lang='grc' dir='ltr'><strong><em>ἐκφερούσης</em></strong></span> <span class='ocrx_word' id='word_1_166' title='bbox 1183 2677 1224 2745; x_wconf 84' lang='grc' dir='ltr'><strong><em>τὰ</em></strong></span> 
     </span>
     <span class='ocr_line' id='line_1_23' title="bbox 88 2777 1223 2870; baseline -0.001 -21"><span class='ocrx_word' id='word_1_167' title='bbox 88 2781 256 2866; x_wconf 83' lang='grc' dir='ltr'><strong><em>νοούμενα</em></strong></span> <span class='ocrx_word' id='word_1_168' title='bbox 279 2783 399 2862; x_wconf 76' lang='grc' dir='ltr'><strong><em>λέξεως</em></strong></span> <span class='ocrx_word' id='word_1_169' title='bbox 422 2804 455 2868; x_wconf 88' lang='lat' dir='ltr'><strong><em>p.</em></strong></span> <span class='ocrx_word' id='word_1_170' title='bbox 475 2785 575 2864; x_wconf 78' lang='grc'>45511)</span> <span class='ocrx_word' id='word_1_171' title='bbox 602 2779 686 2866; x_wconf 84' lang='grc' dir='ltr'><strong><em>μετὰ</em></strong></span> <span class='ocrx_word' id='word_1_172' title='bbox 701 2787 840 2848; x_wconf 85' lang='grc' dir='ltr'><strong><em>Λυσίαν</em></strong></span> <span class='ocrx_word' id='word_1_173' title='bbox 862 2777 975 2870; x_wconf 73' lang='grc' dir='ltr'><strong><em>ἥψατο</em></strong></span> <span class='ocrx_word' id='word_1_174' title='bbox 994 2790 1060 2849; x_wconf 80' lang='grc' dir='ltr'><strong><em>τῶν</em></strong></span> <span class='ocrx_word' id='word_1_175' title='bbox 1075 2789 1223 2868; x_wconf 72' lang='grc' dir='ltr'><strong><em>πρεσβυ-</em></strong></span> 
     </span>
     <span class='ocr_line' id='line_1_24' title="bbox 89 2879 1221 2973; baseline 0 -23"><span class='ocrx_word' id='word_1_176' title='bbox 89 2892 196 2973; x_wconf 86' lang='grc' dir='ltr'><strong><em>τέρων</em></strong></span> <span class='ocrx_word' id='word_1_177' title='bbox 217 2891 294 2962; x_wconf 93' lang='grc' dir='ltr'><strong><em>νέος</em></strong></span> <span class='ocrx_word' id='word_1_178' title='bbox 324 2885 605 2969; x_wconf 65' lang='grc' dir='ltr'><strong><em>ἐπακμάσαςῐ)</em></strong></span> <span class='ocrx_word' id='word_1_179' title='bbox 636 2883 845 2973; x_wconf 76' lang='grc' dir='ltr'><strong><em>[ἐπασκήσας</em></strong></span> <span class='ocrx_word' id='word_1_180' title='bbox 867 2887 904 2961; x_wconf 70' lang='lat' dir='ltr'><strong>lti</strong></span> <span class='ocrx_word' id='word_1_181' title='bbox 931 2879 1123 2972; x_wconf 81' lang='grc' dir='ltr'><strong><em>Ἰσοκράτης</em></strong></span> <span class='ocrx_word' id='word_1_182' title='bbox 1146 2887 1221 2951; x_wconf 82' lang='lat' dir='ltr'><strong><em>FM.</em></strong></span> 
     </span>
     <span class='ocr_line' id='line_1_25' title="bbox 89 2982 1223 3075; baseline -0.002 -21"><span class='ocrx_word' id='word_1_183' title='bbox 89 2989 257 3055; x_wconf 83' lang='lat' dir='ltr'><strong>Reiskium</strong></span> <span class='ocrx_word' id='word_1_184' title='bbox 290 3009 330 3054; x_wconf 82' lang='lat' dir='ltr'><strong><em>ex</em></strong></span> <span class='ocrx_word' id='word_1_185' title='bbox 363 2988 494 3072; x_wconf 83' lang='lat' dir='ltr'><strong>volgata</strong></span> <span class='ocrx_word' id='word_1_186' title='bbox 523 2989 659 3055; x_wconf 82' lang='lat' dir='ltr'><strong>lectione</strong></span> <span class='ocrx_word' id='word_1_187' title='bbox 692 2989 771 3054; x_wconf 85' lang='lat' dir='ltr'><strong>haee</strong></span> <span class='ocrx_word' id='word_1_188' title='bbox 801 2988 1001 3054; x_wconf 80' lang='lat' dir='ltr'><strong>elicientem:</strong></span> <span class='ocrx_word' id='word_1_189' title='bbox 1042 2982 1155 3075; x_wconf 76' lang='grc' dir='ltr'><strong><em>ἥψατο</em></strong></span> <span class='ocrx_word' id='word_1_190' title='bbox 1185 2985 1223 3052; x_wconf 85' lang='grc' dir='ltr'><strong><em>τὸ</em></strong></span> 
     </span>
     <span class='ocr_line' id='line_1_26' title="bbox 89 3089 1225 3177; baseline 0.002 -23"><span class='ocrx_word' id='word_1_191' title='bbox 89 3098 154 3156; x_wconf 83' lang='grc' dir='ltr'><strong><em>τῶν</em></strong></span> <span class='ocrx_word' id='word_1_192' title='bbox 177 3095 417 3177; x_wconf 80' lang='grc' dir='ltr'><strong><em>πρεσβυτέρων</em></strong></span> <span class='ocrx_word' id='word_1_193' title='bbox 433 3089 515 3166; x_wconf 71' lang='grc' dir='ltr'><strong><em>ἕδος</em></strong></span> <span class='ocrx_word' id='word_1_194' title='bbox 539 3089 733 3177; x_wconf 79' lang='grc' dir='ltr'><strong><em>ἐπασκήσας</em></strong></span> <span class='ocrx_word' id='word_1_195' title='bbox 756 3090 882 3158; x_wconf 77' lang='lat' dir='ltr'><strong>codices</strong></span> <span class='ocrx_word' id='word_1_196' title='bbox 904 3089 1064 3156; x_wconf 82' lang='lat' dir='ltr'><strong>refellunt.</strong></span> <span class='ocrx_word' id='word_1_197' title='bbox 1104 3091 1225 3176; x_wconf 83' lang='lat' dir='ltr'><strong>Taylo-</strong></span> 
     </span>
     <span class='ocr_line' id='line_1_27' title="bbox 88 3194 1225 3278; baseline 0.001 -18"><span class='ocrx_word' id='word_1_198' title='bbox 88 3215 143 3260; x_wconf 81' lang='lat' dir='ltr'><strong><em>run</em></strong></span> <span class='ocrx_word' id='word_1_199' title='bbox 166 3216 185 3261; x_wconf 90' lang='lat' dir='ltr'><strong>e</strong></span> <span class='ocrx_word' id='word_1_200' title='bbox 207 3195 316 3261; x_wconf 78' lang='lat' dir='ltr'><strong>codiee</strong></span> <span class='ocrx_word' id='word_1_201' title='bbox 338 3194 606 3278; x_wconf 74' lang='lat' dir='ltr'><strong>cantabrigiensi,</strong></span> <span class='ocrx_word' id='word_1_202' title='bbox 640 3215 702 3277; x_wconf 86' lang='lat' dir='ltr'><strong><em>qno</em></strong></span> <span class='ocrx_word' id='word_1_203' title='bbox 725 3195 755 3260; x_wconf 90' lang='lat' dir='ltr'><strong><em>ei</em></strong></span> <span class='ocrx_word' id='word_1_204' title='bbox 777 3195 824 3260; x_wconf 86' lang='lat' dir='ltr'><strong>nti</strong></span> <span class='ocrx_word' id='word_1_205' title='bbox 845 3194 946 3272; x_wconf 80' lang='lat' dir='ltr'><strong>linuit,</strong></span> <span class='ocrx_word' id='word_1_206' title='bbox 979 3195 1082 3260; x_wconf 85' lang='lat' dir='ltr'><strong>locum</strong></span> <span class='ocrx_word' id='word_1_207' title='bbox 1104 3194 1152 3259; x_wconf 85' lang='lat' dir='ltr'><strong>ita</strong></span> <span class='ocrx_word' id='word_1_208' title='bbox 1173 3216 1225 3261; x_wconf 87' lang='lat' dir='ltr'><strong><em>re-</em></strong></span> 
     </span>
     <span class='ocr_line' id='line_1_28' title="bbox 88 3294 1223 3384; baseline 0.002 -22"><span class='ocrx_word' id='word_1_209' title='bbox 88 3298 203 3382; x_wconf 79' lang='lat' dir='ltr'><strong>fingit:</strong></span> <span class='ocrx_word' id='word_1_210' title='bbox 241 3305 307 3364; x_wconf 83' lang='grc' dir='ltr'><strong><em>τιῖιν</em></strong></span> <span class='ocrx_word' id='word_1_211' title='bbox 336 3301 576 3384; x_wconf 77' lang='grc' dir='ltr'><strong><em>πρεσβυτέριον</em></strong></span> <span class='ocrx_word' id='word_1_212' title='bbox 604 3303 694 3374; x_wconf 87' lang='grc' dir='ltr'><strong><em>νέοις</em></strong></span> <span class='ocrx_word' id='word_1_213' title='bbox 724 3294 941 3380; x_wconf 78' lang='grc' dir='ltr'><strong><em>ἐπακμάσας,</em></strong></span> <span class='ocrx_word' id='word_1_214' title='bbox 979 3297 1063 3362; x_wconf 79' lang='lat' dir='ltr'><strong>hane</strong></span> <span class='ocrx_word' id='word_1_215' title='bbox 1094 3317 1223 3364; x_wconf 80' lang='lat' dir='ltr'><strong>causam</strong></span> 
     </span>
     <span class='ocr_line' id='line_1_29' title="bbox 88 3400 1224 3487; baseline -0.001 -19"><span class='ocrx_word' id='word_1_216' title='bbox 88 3401 229 3468; x_wconf 80' lang='lat' dir='ltr'><strong>addens:</strong></span> <span class='ocrx_word' id='word_1_217' title='bbox 266 3401 323 3480; x_wconf 88' lang='lat' dir='ltr'><strong><em>„In</em></strong></span> <span class='ocrx_word' id='word_1_218' title='bbox 345 3400 427 3466; x_wconf 80' lang='lat' dir='ltr'><strong>duas</strong></span> <span class='ocrx_word' id='word_1_219' title='bbox 450 3401 572 3467; x_wconf 80' lang='lat' dir='ltr'><strong>classes</strong></span> <span class='ocrx_word' id='word_1_220' title='bbox 594 3401 757 3467; x_wconf 79' lang='lat' dir='ltr'><strong>distribuit</strong></span> <span class='ocrx_word' id='word_1_221' title='bbox 779 3407 920 3468; x_wconf 78' lang='lat' dir='ltr'><strong>oratores</strong></span> <span class='ocrx_word' id='word_1_222' title='bbox 937 3401 1076 3467; x_wconf 79' lang='lat' dir='ltr'><strong>Graecos</strong></span> <span class='ocrx_word' id='word_1_223' title='bbox 1099 3401 1224 3487; x_wconf 85' lang='lat' dir='ltr'><strong>Diony-</strong></span> 
     </span>
     <span class='ocr_line' id='line_1_30' title="bbox 88 3497 1225 3590; baseline 0 -22"><span class='ocrx_word' id='word_1_224' title='bbox 88 3504 173 3586; x_wconf 77' lang='lat' dir='ltr'><strong>sius,</strong></span> <span class='ocrx_word' id='word_1_225' title='bbox 215 3511 250 3569; x_wconf 88' lang='lat' dir='ltr'><strong>ut</strong></span> <span class='ocrx_word' id='word_1_226' title='bbox 279 3505 312 3568; x_wconf 95' lang='lat' dir='ltr'><strong><em>in</em></strong></span> <span class='ocrx_word' id='word_1_227' title='bbox 342 3501 438 3569; x_wconf 82' lang='lat' dir='ltr'><strong>huius</strong></span> <span class='ocrx_word' id='word_1_228' title='bbox 468 3504 573 3588; x_wconf 78' lang='lat' dir='ltr'><strong>operis</strong></span> <span class='ocrx_word' id='word_1_229' title='bbox 604 3503 754 3569; x_wconf 85' lang='lat' dir='ltr'><strong>exordio:</strong></span> <span class='ocrx_word' id='word_1_230' title='bbox 794 3497 950 3569; x_wconf 82' lang='grc' dir='ltr'><strong><em>Ἔσονται</em></strong></span> <span class='ocrx_word' id='word_1_231' title='bbox 983 3541 1023 3551; x_wconf 90' lang='grc'><strong>-</strong></span> <span class='ocrx_word' id='word_1_232' title='bbox 1057 3503 1225 3590; x_wconf 81' lang='grc' dir='ltr'><strong><em>Αἰσχίνης</em></strong></span> 
     </span>
     <span class='ocr_line' id='line_1_31' title="bbox 92 3605 1225 3692; baseline 0.003 -22"><span class='ocrx_word' id='word_1_233' title='bbox 92 3611 137 3692; x_wconf 75' lang='grc' dir='ltr'><strong><em>(ρ.</em></strong></span> <span class='ocrx_word' id='word_1_234' title='bbox 155 3609 294 3690; x_wconf 80' lang='grc'>4511-1).</span> <span class='ocrx_word' id='word_1_235' title='bbox 341 3607 430 3691; x_wconf 80' lang='lat' dir='ltr'><strong>Lego</strong></span> <span class='ocrx_word' id='word_1_236' title='bbox 452 3607 579 3690; x_wconf 82' lang='lat' dir='ltr'><strong>itaque:</strong></span> <span class='ocrx_word' id='word_1_237' title='bbox 613 3613 680 3672; x_wconf 78' lang='grc' dir='ltr'><strong><em>τῶν</em></strong></span> <span class='ocrx_word' id='word_1_238' title='bbox 702 3611 943 3692; x_wconf 70' lang='grc' dir='ltr'><strong><em>πρεσβυτέρων</em></strong></span> <span class='ocrx_word' id='word_1_239' title='bbox 957 3612 1047 3684; x_wconf 87' lang='grc' dir='ltr'><strong><em>νέοις</em></strong></span> <span class='ocrx_word' id='word_1_240' title='bbox 1071 3605 1225 3690; x_wconf 77' lang='grc' dir='ltr'><strong><em>ἐπακμά-</em></strong></span> 
     </span>
     <span class='ocr_line' id='line_1_32' title="bbox 87 3703 1222 3798; baseline 0 -22"><span class='ocrx_word' id='word_1_241' title='bbox 87 3731 151 3788; x_wconf 90' lang='grc' dir='ltr'><strong><em>σας</em></strong></span> <span class='ocrx_word' id='word_1_242' title='bbox 170 3703 375 3797; x_wconf 82' lang='grc' dir='ltr'><strong><em>Ἰσοκράτης.</em></strong></span> <span class='ocrx_word' id='word_1_243' title='bbox 422 3711 482 3776; x_wconf 85' lang='lat' dir='ltr'><strong>llle</strong></span> <span class='ocrx_word' id='word_1_244' title='bbox 508 3711 592 3776; x_wconf 85' lang='lat' dir='ltr'><strong>enim</strong></span> <span class='ocrx_word' id='word_1_245' title='bbox 623 3710 706 3776; x_wconf 88' lang='lat' dir='ltr'><strong>inter</strong></span> <span class='ocrx_word' id='word_1_246' title='bbox 735 3711 931 3794; x_wconf 79' lang='lat' dir='ltr'><strong>antiquiores</strong></span> <span class='ocrx_word' id='word_1_247' title='bbox 960 3719 1055 3776; x_wconf 80' lang='lat' dir='ltr'><strong>natus</strong></span> <span class='ocrx_word' id='word_1_248' title='bbox 1082 3711 1222 3798; x_wconf 82' lang='lat' dir='ltr'><strong>(Olymp.</strong></span> 
     </span>
     <span class='ocr_line' id='line_1_33' title="bbox 89 3813 1223 3899; baseline 0.002 -20"><span class='ocrx_word' id='word_1_249' title='bbox 89 3813 388 3880; x_wconf 86' lang='lat' dir='ltr'><strong>eeil.LXXXVI.1.</strong></span> <span class='ocrx_word' id='word_1_250' title='bbox 417 3815 535 3899; x_wconf 71' lang='lat' dir='ltr'><strong>Lysiae</strong></span> <span class='ocrx_word' id='word_1_251' title='bbox 550 3815 634 3881; x_wconf 85' lang='lat' dir='ltr'><strong>inter</strong></span> <span class='ocrx_word' id='word_1_252' title='bbox 648 3821 789 3880; x_wconf 84' lang='lat' dir='ltr'><strong>aetatem</strong></span> <span class='ocrx_word' id='word_1_253' title='bbox 803 3821 836 3880; x_wconf 86' lang='lat' dir='ltr'><strong>et</strong></span> <span class='ocrx_word' id='word_1_254' title='bbox 854 3815 949 3899; x_wconf 67' lang='lat' dir='ltr'><strong>lanei)</strong></span> <span class='ocrx_word' id='word_1_255' title='bbox 971 3821 1132 3898; x_wconf 80' lang='lat' dir='ltr'><strong>utrosque,</strong></span> <span class='ocrx_word' id='word_1_256' title='bbox 1158 3822 1223 3881; x_wconf 86' lang='lat' dir='ltr'><strong>tam</strong></span> 
     </span>
     <span class='ocr_line' id='line_1_34' title="bbox 87 3917 1225 4003; baseline 0.001 -21"><span class='ocrx_word' id='word_1_257' title='bbox 87 3918 230 4001; x_wconf 72' lang='lat' dir='ltr'><strong><em>Lysiam,</em></strong></span> <span class='ocrx_word' id='word_1_258' title='bbox 257 3937 353 4000; x_wconf 86' lang='lat' dir='ltr'><strong>quam</strong></span> <span class='ocrx_word' id='word_1_259' title='bbox 376 3921 512 4000; x_wconf 71' lang='lat' dir='ltr'><strong><em>Isaeum,</em></strong></span> <span class='ocrx_word' id='word_1_260' title='bbox 547 3917 685 3984; x_wconf 79' lang='lat' dir='ltr'><strong>vivendo</strong></span> <span class='ocrx_word' id='word_1_261' title='bbox 708 3919 882 4003; x_wconf 79' lang='lat' dir='ltr'><strong>superavit,</strong></span> <span class='ocrx_word' id='word_1_262' title='bbox 919 3926 951 3984; x_wconf 89' lang='lat' dir='ltr'><strong>et</strong></span> <span class='ocrx_word' id='word_1_263' title='bbox 977 3919 1089 4002; x_wconf 78' lang='lat' dir='ltr'><strong>paneis</strong></span> <span class='ocrx_word' id='word_1_264' title='bbox 1111 3918 1225 3983; x_wconf 83' lang='lat' dir='ltr'><strong>diebus</strong></span> 
     </span>
     <span class='ocr_line' id='line_1_35' title="bbox 86 4021 1225 4106; baseline 0.002 -20"><span class='ocrx_word' id='word_1_265' title='bbox 86 4029 160 4106; x_wconf 82' lang='lat' dir='ltr'><strong>pont</strong></span> <span class='ocrx_word' id='word_1_266' title='bbox 195 4021 351 4106; x_wconf 89' lang='lat' dir='ltr'><strong>proelium</strong></span> <span class='ocrx_word' id='word_1_267' title='bbox 389 4021 431 4086; x_wconf 83' lang='lat' dir='ltr'><strong><em>ad</em></strong></span> <span class='ocrx_word' id='word_1_268' title='bbox 464 4022 686 4089; x_wconf 79' lang='lat' dir='ltr'><strong>Chaeroneam</strong></span> <span class='ocrx_word' id='word_1_269' title='bbox 723 4022 926 4087; x_wconf 79' lang='lat' dir='ltr'><strong>eommissum</strong></span> <span class='ocrx_word' id='word_1_270' title='bbox 965 4023 1061 4104; x_wconf 82' lang='lat' dir='ltr'><strong>obiit,</strong></span> <span class='ocrx_word' id='word_1_271' title='bbox 1102 4021 1225 4088; x_wconf 84' lang='lat' dir='ltr'><strong>decimo</strong></span> 
     </span>
    </p>
   </div>
   <div class='ocr_carea' id='block_1_6' title="bbox 160 4241 750 4316">
    <p class='ocr_par' dir='ltr' id='par_1_7' title="bbox 160 4241 750 4316">
     <span class='ocr_line' id='line_1_36' title="bbox 160 4241 750 4316; baseline -0.003 -16"><span class='ocrx_word' id='word_1_272' title='bbox 160 4248 176 4310; x_wconf 76' lang='lat'><strong><em>¹)</em></strong></span> <span class='ocrx_word' id='word_1_273' title='bbox 197 4241 367 4316; x_wconf 69' lang='grc' dir='ltr'><strong><em>ἐπαμμέναι</em></strong></span> <span class='ocrx_word' id='word_1_274' title='bbox 384 4245 415 4310; x_wconf 83' lang='lat' dir='ltr'><strong><em>F,</em></strong></span> <span class='ocrx_word' id='word_1_275' title='bbox 437 4259 498 4299; x_wconf 84' lang='lat' dir='ltr'><strong><em>enm</em></strong></span> <span class='ocrx_word' id='word_1_276' title='bbox 517 4243 750 4316; x_wconf 70' lang='lat' dir='ltr'><strong>cantabrigiensi.</strong></span> 
     </span>
    </p>
   </div>
   <div class='ocr_carea' id='block_1_7' title="bbox 0 0 1502 4890">
    <p class='ocr_par' dir='ltr' id='par_1_8' title="bbox 0 0 1502 4890">
     <span class='ocr_line' id='line_1_37' title="bbox 0 0 1502 4890; baseline 0 0"><span class='ocrx_word' id='word_1_277' title='bbox 0 0 1502 4890; x_wconf 95' lang='lat' dir='ltr'><strong><em> </em></strong></span> 
     </span>
    </p>
   </div>
  </div>
 </body>
</html>
