3048 4898
547 258 766 321 ..49-

98 433 203 498 lormas
221 434 254 498 in
273 435 377 499 altera
393 435 591 518 potissimum
609 437 800 520 pentametri
819 444 911 522 parte
925 438 1106 504 admittunt.
1136 439 1232 504 Cuius

97 541 135 606 rei
160 541 237 608 haec
264 541 383 608 contuli
410 543 566 627 exempla:
598 543 704 610 Mimn.
736 546 786 622 11,
820 544 840 608 6
868 546 1006 610 κείαται.
1049 545 1111 613 Sol
1139 547 1174 622 4,
1203 547 1231 610 8.

98 647 224 730 Thengn.
252 648 337 712 1124
359 641 476 734 ἤλυθε.
513 649 653 734 Theogn.
679 649 742 716 152
765 651 914 734 θέμεναι.
939 652 1005 717 544
1030 647 1141 737 δόμεν.
1167 653 1231 718 806

98 755 339 839 φυλασσέμεναι.
359 755 426 820 924
445 753 566 840 ἐχέμεν.
600 756 716 824 Simon.
732 757 763 824 0.
786 759 858 836 140,
876 759 898 838 4
916 754 1097 846 προδόμεν.
1120 759 1192 837 142,
1211 759 1232 822 ‘2

98 853 279 946 ἀνιέμεναι.

176 1147 250 1224 „Est
272 1148 465 1232 Theognidis
493 1149 662 1232 farraginis
689 1151 867 1235 proprium,
895 1157 931 1214 ut
958 1150 991 1215 in
1020 1171 1057 1214 aa
1084 1149 1233 1233 permulti

97 1273 195 1319 versus
215 1255 377 1338 legantur,
404 1256 458 1340 qui
482 1257 543 1322 toti
566 1263 623 1321 aut
645 1259 777 1340 partim,
801 1277 930 1342 prorsus
954 1256 1066 1322 iisdem
1089 1261 1145 1322 aut
1168 1256 1234 1322 lere

98 1359 242 1426 similibus
260 1364 373 1440 verbis,
392 1363 441 1428 bis
459 1362 509 1428 vel
527 1363 651 1446 saepius
669 1369 867 1448 repetuntur.
896 1363 1168 1430 Verisimillimum
1186 1369 1235 1428 est

97 1465 170 1531 hanc
191 1469 333 1534 crebram
355 1471 577 1553 repetitionem
599 1471 674 1537 iude
689 1467 795 1536 'ortam
814 1492 895 1548 esse,
919 1473 1005 1554 qued
1024 1477 1057 1536 et
1075 1471 1233 1554 Theognis

97 1574 313 1660 etquicunque
331 1577 387 1642 alii
405 1583 519 1660 poetae
538 1598 577 1642 ex
595 1578 753 1662 indigesta
771 1579 854 1644 mole
868 1577 1109 1662 protrahuntur,
1126 1597 1234 1644 vocem

96 1681 139 1744 rel
160 1685 345 1750 sententiam
368 1683 507 1766 aliquam
526 1705 545 1749 a
564 1706 599 1750 ee
616 1685 829 1768 excogitatam
847 1687 928 1750 adeo
946 1684 1173 1761 adamaverint,
1197 1691 1234 1749 ut

96 1787 259 1854 identidem
277 1795 470 1858 uterentur.“
497 1791 550 1856 Sic
568 1813 629 1857 van
643 1793 700 1857 der
715 1791 795 1875 Mey.
802 1793 827 1876 ¹)
856 1790 963 1868 Rehte,
982 1793 1037 1858 sed
1051 1791 1233 1858 addendum

96 1899 151 1972 est,
176 1898 259 1980 quod
283 1895 319 1962 A.
342 1897 411 1983 R.²)
439 1897 532 1964 dixit:
565 1898 654 1976 „Von
677 1897 794 1981 anfang
817 1920 859 1963 an
882 1899 958 1964 land
982 1899 1039 1964 das
1062 1897 1233 1963 alterthum

96 2000 125 2064 in
142 2002 256 2067 Homer
275 2003 444 2088 unz'ahlige
462 2004 838 2088 selbstwiederhelungen
856 2007 920 2070 und
939 2027 1022 2071 zwar
1040 2004 1092 2070 bei
1110 2005 1234 2068 weitem

95 2108 177 2174 nicht
202 2132 261 2175 nur
288 2109 322 2174 in
350 2111 411 2176 den
439 2119 654 2196 segenannten
678 2111 852 2178 stehenden
876 2111 1024 2196 epischeu
1048 2129 1173 2187 xersen,
1192 2149 1233 2158 —

96 2237 153 2281 was
179 2216 349 2283 theilweise
378 2218 459 2284 eben
485 2240 542 2284 aus
572 2221 629 2284 der
653 2218 913 2302 entstehnngsart
935 2219 992 2285 der
1014 2217 1234 2284 hemerisohcn

35 2393 38 2398 ,
95 2323 234 2404 gedichte
256 2347 295 2390 zu
319 2325 464 2391 erklitren
484 2327 541 2402 ist3
566 2327 691 2391 —und
711 2347 775 2392 was
793 2327 850 2391 das
869 2326 953 2391 ideal
972 2326 1031 2390 der
1048 2323 1235 2389 dichthunet

96 2429 216 2507 darbot,
237 2436 356 2497 musste
381 2432 716 2516 nachahmungswerth
741 2435 836 2498 sein.“
872 2432 918 2498 Ut
941 2433 1039 2515 igitur
1061 2432 1145 2514 apud
1169 2432 1234 2494 Ho-

96 2557 208 2602 mernm
225 2537 259 2602 in
278 2536 339 2603 fine
357 2539 555 2622 potissimum
573 2538 760 2617 hexametri,
783 2541 830 2604 ita
847 2539 932 2625 apud
952 2537 1105 2622 elegiacos
1124 2544 1234 2621 poetas

96 2643 124 2704 in
149 2645 250 2710 altera
271 2647 463 2730 pentametri
485 2655 578 2731 parte
601 2655 706 2712 certae
729 2647 885 2712 formulae
908 2635 1125 2720 inveniuntur,
1153 2665 1235 2728 quae

96 2751 212 2832 saepius
235 2761 267 2818 et
289 2754 374 2836 apud
393 2754 500 2837 plnres
518 2761 628 2837 poetas
647 2759 843 2837 repetuntur.
881 2753 924 2818 Et
941 2773 1052 2816 revera
1070 2752 1103 2815 in
1123 2757 1235 2834 penta-

95 2863 189 2922 metro
211 2860 313 2943 magis
336 2881 431 2942 quam
454 2860 487 2924 in
506 2860 690 2926 hexametro
708 2860 859 2925 struendo
878 2859 962 2923 inter
981 2880 1014 2922 se
1034 2857 1236 2922 consentiunt

95 2968 201 3044 poetae
224 2965 364 3050 elegiaci.
406 2965 486 3031 Nam
510 2967 686 3032 hexametri
710 2967 839 3050 quidem
862 2966 947 3048 leges
965 2964 1121 3028 Homerus
1144 2965 1235 3045 prae-

95 3071 274 3154 scripserat,
310 3074 399 3138 cuius
436 3074 612 3157 exemplum
644 3074 724 3139 alius
757 3095 796 3138 ex
829 3073 931 3155 poetis
963 3070 1111 3153 elegiacis
1143 3067 1236 3132 aliter

94 3179 294 3261 sequebatur3
323 3181 356 3244 iu
383 3185 582 3263 pentametro
610 3187 717 3246 autem
740 3181 890 3246 struendo
913 3183 1040 3262 poetam
1064 3175 1236 3256 elegiacum

95 3285 294 3364 posteriorem
312 3287 471 3352 imitatum
490 3308 556 3353 esse
575 3287 731 3371 elegiacos
750 3287 872 3370 priores
890 3307 955 3350 non
973 3283 1073 3349 solum
1088 3301 1127 3345 ex
1142 3279 1237 3344 certis

95 3389 240 3470 formulis,
263 3413 344 3477 quae
367 3394 505 3457 omnium
528 3415 708 3459 communes
731 3400 814 3469 sunt,
837 3394 894 3458 sed
917 3393 1012 3456 etiam
1037 3409 1054 3452 e
1078 3383 1236 3450 constanti

95 3496 259 3562 multorum
281 3497 450 3580 perborum
469 3501 675 3566 collocatione
694 3499 836 3583 intellegi
856 3496 1004 3583 potest.³)
1040 3493 1237 3574 Quamquam

94 3601 168 3668 haec
199 3625 263 3669 non
293 3606 335 3670 ad
368 3608 472 3672 vivum
503 3608 676 3673 resecanda
707 3629 774 3672 esse
802 3628 819 3670 e
846 3611 962 3669 natura
988 3600 1105 3685 lyricae
1133 3594 1238 3680 poesie

94 3717 229 3793 apparet
270 3711 395 3788 Restat,
416 3720 453 3778 ut
476 3737 557 3798 quae
581 3735 677 3798 supra
699 3713 835 3779 diximus
854 3708 1006 3792 exemplis
1030 3705 1238 3769 illustremus:

98 3854 303 3864 -—--——----.-

180 3941 316 4006 ¹)Studia
335 3941 520 4012 Theognidea,
540 3962 566 4013 p.
588 3947 629 4000 19.

177 4031 352 4100 ›Phildog
372 4031 502 4102 anzeiger
521 4033 598 4096 1872,
618 4033 642 4087 4.
663 4033 731 4097 hest,
751 4051 777 4102 p.
798 4033 859 4087 200.

177 4119 199 4185 ⁸)
219 4120 298 4174 Hanc
309 4127 479 4176 censentem
495 4122 642 4176 multorum
653 4122 798 4177 verberum
814 4113 1027 4176 collocationem
1043 4105 1067 4160 si
1077 4095 1243 4169 respexerls

95 4205 206 4262 tortasse
231 4209 355 4264 nonnulli
378 4227 472 4264 versus
496 4211 523 4264 in
548 4210 684 4279 integrum
708 4209 818 4266 restitui
837 4207 980 4278 poterunt.
1019 4193 1106 4249 Velut
1123 4187 1244 4254 Theogn

95 4311 128 4348 ιι
152 4297 205 4353 lm
233 4296 336 4369 legitur
364 4298 471 4370 γίνεται
501 4294 667 4370 ἀνθρώποις
695 4291 754 4354 oi'rt'
778 4291 866 4369 ἀγάθ’
890 4285 959 4348 οὔτε
991 4274 1078 4424 22²0?-
1124 4266 1249 4339 50801010
