3008 4884
254 415 314 478 un
685 449 728 461 -
777 413 860 496 [reu
909 447 950 462 .-

251 603 390 668 stutuite.
438 601 535 668 Miror
564 623 629 686 qua
658 603 699 669 dc
721 623 822 670 cause
843 603 1011 688 Kayserns
1033 623 1119 685 cam,
1153 621 1248 686 quam
1275 601 1381 687 optimi

252 709 409 794 praebent
431 707 576 789 codices,
610 707 778 774 lectionem
801 714 992 792 aspernatus
1015 708 1075 772 sit:
1111 707 1264 792 impunite
1284 707 1318 769 in
1338 729 1382 768 me

252 811 405 895 quidlibet
436 811 566 876 atamite
599 811 762 894 (impunite
791 811 875 876 enim
908 811 1062 877 exhibent
1094 812 1218 896 primae
1247 811 1382 876 familiae

252 915 379 982 codices
401 933 522 1000 omnes,
556 913 596 980 de
619 933 684 981 sec.
711 915 789 980 iam.
815 915 969 998 Frising.,
1002 916 1070 981 Pel.
1090 921 1121 979 4.
1141 919 1172 995 6,
1198 915 1313 992 Brnil.‚
1345 913 1383 977 de

252 1024 323 1084 tert.
357 1016 434 1083 ium.
459 1018 553 1084 Voss.
576 1023 605 1098 1,
647 1016 689 1083 dc
719 1017 811 1083 codd.
844 1018 933 1083 mixt.
967 1019 1047 1103 orig.
1082 1018 1218 1102 Lugdt
1247 1039 1290 1082 m.
1322 1037 1380 1101 pn,

251 1120 389 1204 Rbcdig.
412 1124 439 1184 i.
458 1123 492 1200 23
518 1121 588 1186 rell.
607 1120 722 1204 parlim
745 1120 895 1204 inponite
918 1121 1033 1206 partim
1056 1121 1193 1205 irnpune,
1220 1127 1383 1202 utrumque

252 1225 292 1290 ex
315 1222 467 1308 impunite
481 1227 688 1310 corruptum).
736 1223 929 1289 Aduerbinm
952 1231 1059 1289 autent
1081 1225 1234 1308 impunite
1260 1227 1314 1306 ·[=
1328 1225 1384 1286 iin-

247 1329 344 1411 pano)
369 1345 563 1410 quamquam
585 1346 690 1392 rarum
713 1334 780 1408 est,
811 1326 974 1392 invenitur
995 1334 1102 1392 minen
1126 1327 1212 1412 apud
1235 1327 1304 1392 Cio.
1330 1326 1379 1390 lin.

253 1433 418 1512 n‚18,5o;
437 1430 570 1495 Matium
585 1449 637 1515 ap.
657 1430 725 1496 Cic.
743 1429 820 1496 ium.
842 1435 892 1510 11,
911 1434 965 1510 28,
981 1433 1018 1511 33
1038 1431 1163 1496 lluuod.
1180 1430 1237 1496 rit.
1256 1431 1292 1496 S.
1311 1429 1384 1513 lipi-

250 1535 350 1619 phan.
364 1537 385 1617 ¹)
433 1532 560 1618 Optime
587 1539 694 1598 autem
724 1532 836 1598 referri
859 1532 986 1598 ridetur
1015 1533 1095 1600 illud
1117 1533 1268 1617 impendio
1290 1531 1333 1596 ad
1353 1531 1384 1596 id

252 1637 337 1720 quod
367 1636 531 1722 praecedit
551 1659 604 1700 ooa
625 1657 674 1699 me
695 1673 739 1684 -
760 1637 993 1700 abutamini
1020 1637 1135 1702 iicebit.
1182 1635 1307 1714 Quodsi
1329 1636 1385 1697 bn-

245 1738 358 1824 punite
387 1738 552 1822 scribitur,
589 1757 651 1803 non
678 1757 758 1823 opus
788 1745 838 1804 est
867 1739 916 1804 bis
950 1759 1069 1824 ponere
1098 1739 1260 1825 qualilibet,
1298 1739 1384 1802 euius

251 1843 400 1909 lectionis
421 1842 455 1907 in
478 1861 541 1907 uno
565 1841 634 1908 cod.
660 1842 755 1908 Voss.
775 1846 804 1919 3,
837 1842 892 1925 qui
915 1843 1069 1926 praebeat
1091 1842 1237 1926 qieisqmd
1257 1841 1386 1926 penitet

250 1945 347 2012 nimis
367 1946 521 2012 incertum
546 1952 653 2011 exstat
674 1944 858 2028 vestigium.

338 2049 433 2115 Corn.
451 2048 505 2129 lv,
526 2051 577 2131 33,
598 2053 650 2112 44.
697 2049 875 2113 Iuielieotio
893 2055 951 2126 eat,
977 2069 1046 2112 rum
1067 2069 1118 2112 reo
1140 2057 1205 2112 toto
1224 2071 1328 2131 porea
1350 2049 1386 2110 de

246 2161 342 2236 parta
364 2151 560 2236 eopnoseitur
587 2160 643 2216 uut
665 2153 703 2215 de
726 2160 791 2216 toto
809 2171 899 2234 pora.
946 2150 1019 2229 Qua
1041 2151 1082 2217 dc
1105 2173 1204 2217 cauae
1234 2173 1312 2236 para
1335 2173 1383 2230 en,

251 2256 336 2321 unde
358 2261 458 2321 totam
474 2255 684 2338 cognoscitur,
711 2275 811 2338 parva
825 2273 897 2320 esse
921 2253 1048 2335 debeat,
1075 2255 1223 2336 equidem
1248 2277 1313 2319 non
1336 2256 1386 2318 in-

250 2360 380 2442 tellego,
406 2377 477 2424 cum
500 2366 604 2425 uuum
626 2378 745 2442 magna
766 2379 807 2422 an
831 2379 934 2442 parva
957 2358 1009 2439 sit,
1040 2358 1211 2444 dummodo
1233 2360 1275 2424 sit
1298 2379 1383 2443 pars.

250 2463 330 2527 nihil
359 2463 515 2529 interesse
547 2462 711 2540 videntum
748 2463 882 2545 languet
909 2461 1008 2545 iffl‘tnr
1036 2482 1098 2527 vox
1123 2483 1234 2545 pomo.
1284 2465 1387 2528 Acce·

250 2566 298 2632 dit
326 2565 411 2649 quod
441 2566 566 2633 duobus
587 2565 733 2632 rcrmbus
763 2572 850 2650 post,
889 2565 943 2630 ubi
974 2565 1020 2630 rei
1048 2563 1258 2630 illustrandae
1287 2585 1387 2630 causa

251 2667 433 2754 exemplum
463 2669 615 2747 affertur,
654 2668 771 2752 legitur
798 2669 836 2730 de
866 2675 962 2752 porte
992 2677 1092 2732 totum
1119 2669 1165 2732 aie
1192 2669 1389 2751 iutellepitnr

251 2773 371 2838 omissa
393 2791 472 2838 voce
495 2793 612 2855 paren.
659 2773 771 2856 ltaque
801 2770 880 2836 mihi
910 2771 1038 2854 quidem
1068 2770 1236 2837 delendum
1261 2773 1389 2837 videtur

246 2897 368 2958 pumen,
406 2875 526 2959 qnippe
554 2873 639 2957 qnod
670 2881 773 2939 ortam
803 2874 846 2939 sit
875 2893 916 2939 ex
945 2873 1064 2958 duplici
1097 2874 1268 2959 scriptione
1299 2873 1387 2940 verbi

245 2987 351 3063 porte.

338 3081 434 3148 Corn.
452 3081 506 3162 IV,
527 3085 580 3160 40,
598 3083 652 3145 52.
699 3081 790 3145 Inter
812 3081 893 3145 buno
915 3081 1096 3145 diuisionem
1119 3089 1150 3143 et
1171 3081 1273 3158 iliam,
1310 3101 1389 3164 quiec

251 3187 289 3249 de
307 3185 454 3268 portibus
477 3183 628 3248 orationis
652 3183 746 3248 tortio
768 3193 826 3264 eat,
858 3183 916 3247 boc
937 3184 1084 3248 intereat.-
1115 3184 1173 3247 ilio
1195 3183 1311 3246 dividit
1329 3205 1390 3267 pei·

251 3288 515 3352 enumerationem
536 3297 592 3352 out
608 3309 670 3371 per
693 3287 923 3371 expositionem,
957 3287 1068 3373 quibua
1089 3289 1128 3350 de
1150 3287 1242 3350 rebus
1264 3287 1299 3349 in
1325 3296 1389 3350 toto

251 3391 391 3454 orntimu
422 3390 595 3474 disputatio
614 3391 737 3476 futuru
758 3390 800 3454 ait
823 3398 881 3454 ci.
935 3390 1074 3474 Exponit
1101 3389 1200 3474 igitur
1229 3388 1289 3455 hoc
1320 3390 1389 3454 loco

252 3493 449 3575 Comibcius,
476 3513 559 3576 quac
580 3493 762 3560 differentia
784 3493 963 3559 intercedat
984 3493 1067 3559 inter
1088 3492 1278 3558 divisionem
1301 3513 1386 3569 eam,

250 3617 333 3682 queo
355 3597 397 3664 sit
418 3615 495 3682 pure
517 3595 628 3680 aliqua
650 3597 747 3662 totius
769 3597 933 3680 orationis,
960 3603 993 3662 et
1014 3596 1116 3680 illam,
1146 3615 1228 3680 quac
1251 3616 1324 3661 cum
1349 3595 1389 3659 ait

251 3701 354 3785 ligure
375 3699 502 3766 dicendi
525 3700 578 3767 hic
600 3706 633 3766 et
654 3700 722 3766 illic
742 3701 879 3766 orationi
902 3700 944 3766 sit
965 3701 1124 3786 inspersa.
1173 3699 1259 3765 Dicit
1280 3705 1387 3765 autern

251 3805 292 3870 dc
319 3803 425 3889 priore
447 3803 615 3869 divisionis
645 3822 780 3886 genere:
821 3803 879 3868 ilia
901 3803 1014 3868 dieuiiit
1037 3825 1099 3886 per
1125 3803 1388 3867 enumerationum

251 3915 307 3972 aut
324 3929 386 3991 pen
407 3907 640 3992 expositum
666 3906 698 3971 h.
717 3927 746 3972 e.
773 3907 800 3972 si
823 3907 940 3991 quibus
955 3905 995 3972 de
1017 3907 1113 3972 rebus
1133 3925 1243 3972 sumus
1259 3906 1385 3981 dicturi,

251 4029 308 4078 eas
337 4017 394 4076 aut
422 4010 679 4078 enumerabimus
708 4016 764 4076 aut
792 4011 905 4093 quales
940 4010 1004 4074 sint
1033 4029 1241 4094 exponemus.
1294 4007 1389 4086 Quint

251 4112 381 4178 omnino
413 4113 531 4180 fulsum
561 4133 634 4180 esse
671 4115 769 4200 plene
798 4114 998 4198 cognoscitur
1028 4133 1069 4178 ex
1097 4113 1178 4180 libro
1200 4114 1226 4194 Ι,
1259 4118 1305 4192 to,
1336 4116 1385 4186 17,

321 4337 338 4397 ¹)
360 4337 476 4390 Plautus
495 4341 654 4392 constanter
671 4337 741 4392 dicit
759 4325 868 4407 inpune,
888 4352 1023 4405 nusquam
1042 4336 1173 4408 inpunite.
