<?xml version="1.0" encoding="UTF-8"?>
<!DOCTYPE html PUBLIC "-//W3C//DTD XHTML 1.0 Transitional//EN"
    "http://www.w3.org/TR/xhtml1/DTD/xhtml1-transitional.dtd">
<html xmlns="http://www.w3.org/1999/xhtml" xml:lang="en" lang="en">
 <head>
  <title>
</title>
<meta http-equiv="Content-Type" content="text/html;charset=utf-8" />
  <meta name='ocr-system' content='tesseract 3.04.00' />
  <meta name='ocr-capabilities' content='ocr_page ocr_carea ocr_par ocr_line ocrx_word'/>
</head>
<body>
  <div class='ocr_page' id='page_1' title='image "./dissertationesp02unkngoog/dissertationesp02unkngoog_0097.png"; bbox 0 0 3010 4896; ppageno 0'>
   <div class='ocr_carea' id='block_1_1' title="bbox 265 349 958 431">
    <p class='ocr_par' dir='ltr' id='par_1_1' title="bbox 265 349 958 431">
     <span class='ocr_line' id='line_1_1' title="bbox 265 349 958 431; baseline -0.001 -19"><span class='ocrx_word' id='word_1_1' title='bbox 265 350 307 412; x_wconf 84' lang='lat'>34</span> <span class='ocrx_word' id='word_1_2' title='bbox 715 386 751 395; x_wconf 88' lang='lat'>-</span> <span class='ocrx_word' id='word_1_3' title='bbox 799 349 872 431; x_wconf 85' lang='grc' dir='ltr'><strong>[ιι]</strong></span> <span class='ocrx_word' id='word_1_4' title='bbox 920 385 958 394; x_wconf 94' lang='grc'><strong>-</strong></span> 
     </span>
    </p>
   </div>
   <div class='ocr_carea' id='block_1_2' title="bbox 262 541 1503 3933">
    <p class='ocr_par' dir='ltr' id='par_1_2' title="bbox 262 541 1503 3933">
     <span class='ocr_line' id='line_1_2' title="bbox 264 541 1503 628; baseline -0.004 -18"><span class='ocrx_word' id='word_1_5' title='bbox 264 549 449 628; x_wconf 89' lang='lat' dir='ltr'>argumento</span> <span class='ocrx_word' id='word_1_6' title='bbox 482 549 655 608; x_wconf 82' lang='lat' dir='ltr'><strong>versantur.</strong></span> <span class='ocrx_word' id='word_1_7' title='bbox 710 543 748 606; x_wconf 91' lang='lat' dir='ltr'>In</span> <span class='ocrx_word' id='word_1_8' title='bbox 780 547 914 627; x_wconf 91' lang='lat' dir='ltr'>utroque</span> <span class='ocrx_word' id='word_1_9' title='bbox 947 543 1031 608; x_wconf 91' lang='lat' dir='ltr'>onim</span> <span class='ocrx_word' id='word_1_10' title='bbox 1057 542 1233 626; x_wconf 88' lang='lat' dir='ltr'>fragmento</span> <span class='ocrx_word' id='word_1_11' title='bbox 1261 541 1410 606; x_wconf 88' lang='lat' dir='ltr'>virtutem</span> <span class='ocrx_word' id='word_1_12' title='bbox 1502 611 1503 626; x_wconf 16' lang='grc' dir='ltr'>ἢ</span> 
     </span>
     <span class='ocr_line' id='line_1_3' title="bbox 263 647 1503 734; baseline -0.003 -18"><span class='ocrx_word' id='word_1_13' title='bbox 263 650 503 734; x_wconf 78' lang='lat' dir='ltr'>praeferendam</span> <span class='ocrx_word' id='word_1_14' title='bbox 535 671 603 715; x_wconf 87' lang='lat' dir='ltr'>esse</span> <span class='ocrx_word' id='word_1_15' title='bbox 637 649 768 715; x_wconf 91' lang='lat' dir='ltr'>docetur</span> <span class='ocrx_word' id='word_1_16' title='bbox 800 648 933 726; x_wconf 87' lang='lat' dir='ltr'>divitiis,</span> <span class='ocrx_word' id='word_1_17' title='bbox 970 669 1052 732; x_wconf 90' lang='lat' dir='ltr'>quae</span> <span class='ocrx_word' id='word_1_18' title='bbox 1083 647 1187 713; x_wconf 87' lang='lat' dir='ltr'>fluxae</span> <span class='ocrx_word' id='word_1_19' title='bbox 1218 650 1282 714; x_wconf 91' lang='lat' dir='ltr'>sint</span> <span class='ocrx_word' id='word_1_20' title='bbox 1312 655 1411 732; x_wconf 92' lang='lat' dir='ltr'>atquo</span> <span class='ocrx_word' id='word_1_21' title='bbox 1502 651 1503 688; x_wconf 72' lang='lat'>³</span> 
     </span>
     <span class='ocr_line' id='line_1_4' title="bbox 264 755 1503 841; baseline -0.003 -19"><span class='ocrx_word' id='word_1_22' title='bbox 264 757 406 841; x_wconf 78' lang='lat' dir='ltr'>fragileS,</span> <span class='ocrx_word' id='word_1_23' title='bbox 443 779 513 822; x_wconf 90' lang='lat' dir='ltr'>cum</span> <span class='ocrx_word' id='word_1_24' title='bbox 550 757 607 821; x_wconf 89' lang='lat' dir='ltr'>illa</span> <span class='ocrx_word' id='word_1_25' title='bbox 642 756 747 821; x_wconf 88' lang='lat' dir='ltr'>valeat</span> <span class='ocrx_word' id='word_1_26' title='bbox 783 778 905 840; x_wconf 83' lang='lat' dir='ltr'>semper</span> <span class='ocrx_word' id='word_1_27' title='bbox 941 763 1129 840; x_wconf 90' lang='lat' dir='ltr'>maneatque</span> <span class='ocrx_word' id='word_1_28' title='bbox 1164 761 1322 839; x_wconf 88' lang='lat' dir='ltr'>perpetua</span> <span class='ocrx_word' id='word_1_29' title='bbox 1375 755 1411 819; x_wconf 89' lang='lat' dir='ltr'>ls</span> <span class='ocrx_word' id='word_1_30' title='bbox 1502 799 1503 818; x_wconf 56' lang='grc' dir='ltr'>ι</span> 
     </span>
     <span class='ocr_line' id='line_1_5' title="bbox 264 857 1503 947; baseline -0.005 -18"><span class='ocrx_word' id='word_1_31' title='bbox 264 885 337 930; x_wconf 83' lang='lat' dir='ltr'>vero</span> <span class='ocrx_word' id='word_1_32' title='bbox 361 865 415 946; x_wconf 92' lang='lat' dir='ltr'>qui</span> <span class='ocrx_word' id='word_1_33' title='bbox 438 863 496 928; x_wconf 90' lang='lat' dir='ltr'>hos</span> <span class='ocrx_word' id='word_1_34' title='bbox 519 885 627 929; x_wconf 88' lang='lat' dir='ltr'>versus</span> <span class='ocrx_word' id='word_1_35' title='bbox 650 863 830 947; x_wconf 80' lang='lat' dir='ltr'>adscripsit,</span> <span class='ocrx_word' id='word_1_36' title='bbox 858 885 928 927; x_wconf 90' lang='lat' dir='ltr'>cum</span> <span class='ocrx_word' id='word_1_37' title='bbox 956 860 1081 926; x_wconf 86' lang='lat' dir='ltr'>efficere</span> <span class='ocrx_word' id='word_1_38' title='bbox 1103 861 1199 927; x_wconf 81' lang='lat' dir='ltr'>vellet</span> <span class='ocrx_word' id='word_1_39' title='bbox 1221 861 1412 926; x_wconf 86' lang='lat' dir='ltr'>sententiam</span> <span class='ocrx_word' id='word_1_40' title='bbox 1502 857 1503 930; x_wconf 69' lang='grc' dir='ltr'>ἶ</span> 
     </span>
     <span class='ocr_line' id='line_1_6' title="bbox 263 967 1413 1054; baseline -0.004 -18"><span class='ocrx_word' id='word_1_41' title='bbox 263 971 443 1036; x_wconf 82' lang='lat' dir='ltr'>absolutam</span> <span class='ocrx_word' id='word_1_42' title='bbox 468 977 499 1036; x_wconf 90' lang='lat' dir='ltr'>et</span> <span class='ocrx_word' id='word_1_43' title='bbox 522 971 688 1054; x_wconf 90' lang='lat' dir='ltr'>integram,</span> <span class='ocrx_word' id='word_1_44' title='bbox 710 970 848 1053; x_wconf 76' lang='lat' dir='ltr'>priorem</span> <span class='ocrx_word' id='word_1_45' title='bbox 871 967 994 1034; x_wconf 88' lang='lat' dir='ltr'>Solonis</span> <span class='ocrx_word' id='word_1_46' title='bbox 1016 968 1233 1034; x_wconf 84' lang='lat' dir='ltr'>hexametrum</span> <span class='ocrx_word' id='word_1_47' title='bbox 1251 991 1271 1034; x_wconf 91' lang='lat' dir='ltr'>a</span> <span class='ocrx_word' id='word_1_48' title='bbox 1287 969 1413 1033; x_wconf 81' lang='grc' dir='ltr'>πολλοὶ</span> 
     </span>
     <span class='ocr_line' id='line_1_7' title="bbox 263 1055 1503 1164; baseline -0.004 -22"><span class='ocrx_word' id='word_1_49' title='bbox 263 1069 333 1164; x_wconf 80' lang='grc' dir='ltr'>γὰρ</span> <span class='ocrx_word' id='word_1_50' title='bbox 362 1078 564 1162; x_wconf 80' lang='lat' dir='ltr'>incipientem</span> <span class='ocrx_word' id='word_1_51' title='bbox 596 1077 752 1142; x_wconf 88' lang='lat' dir='ltr'>levissime</span> <span class='ocrx_word' id='word_1_52' title='bbox 785 1078 831 1141; x_wconf 91' lang='lat' dir='ltr'>ita</span> <span class='ocrx_word' id='word_1_53' title='bbox 863 1075 1010 1152; x_wconf 86' lang='lat' dir='ltr'>mutavit,</span> <span class='ocrx_word' id='word_1_54' title='bbox 1040 1084 1077 1140; x_wconf 92' lang='lat' dir='ltr'>ut</span> <span class='ocrx_word' id='word_1_55' title='bbox 1104 1097 1161 1158; x_wconf 89' lang='lat' dir='ltr'>pro</span> <span class='ocrx_word' id='word_1_56' title='bbox 1186 1066 1259 1160; x_wconf 81' lang='grc' dir='ltr'>γὰρ</span> <span class='ocrx_word' id='word_1_57' title='bbox 1292 1074 1411 1138; x_wconf 87' lang='lat' dir='ltr'>substi-</span> <span class='ocrx_word' id='word_1_58' title='bbox 1502 1055 1503 1115; x_wconf 73' lang='lat' dir='ltr'>l</span> 
     </span>
     <span class='ocr_line' id='line_1_8' title="bbox 263 1185 498 1266; baseline 0.007 -17"><span class='ocrx_word' id='word_1_59' title='bbox 263 1190 367 1250; x_wconf 89' lang='lat' dir='ltr'>tueret</span> <span class='ocrx_word' id='word_1_60' title='bbox 353 1185 459 1249; x_wconf 79' lang='lat' dir='ltr'>t.rot</span> <span class='ocrx_word' id='word_1_61' title='bbox 473 1185 498 1266; x_wconf 88' lang='lat'>¹)</span> 
     </span>
     <span class='ocr_line' id='line_1_9' title="bbox 352 1287 1410 1371; baseline -0.002 -17"><span class='ocrx_word' id='word_1_62' title='bbox 352 1289 455 1355; x_wconf 86' lang='lat' dir='ltr'>Simili</span> <span class='ocrx_word' id='word_1_63' title='bbox 477 1291 517 1355; x_wconf 92' lang='lat' dir='ltr'>de</span> <span class='ocrx_word' id='word_1_64' title='bbox 545 1311 640 1355; x_wconf 88' lang='lat' dir='ltr'>causa</span> <span class='ocrx_word' id='word_1_65' title='bbox 662 1289 771 1354; x_wconf 88' lang='lat' dir='ltr'>vident</span> <span class='ocrx_word' id='word_1_66' title='bbox 757 1295 809 1354; x_wconf 92' lang='lat' dir='ltr'>tur</span> <span class='ocrx_word' id='word_1_67' title='bbox 837 1289 948 1354; x_wconf 86' lang='lat' dir='ltr'>inserti</span> <span class='ocrx_word' id='word_1_68' title='bbox 971 1310 1104 1354; x_wconf 85' lang='lat' dir='ltr'>cssevv</span> <span class='ocrx_word' id='word_1_69' title='bbox 1067 1289 1244 1354; x_wconf 90' lang='grc' dir='ltr'><strong>ιι.-585</strong></span> <span class='ocrx_word' id='word_1_70' title='bbox 1247 1287 1325 1364; x_wconf 87' lang='grc'>590,</span> <span class='ocrx_word' id='word_1_71' title='bbox 1353 1289 1410 1371; x_wconf 92' lang='lat' dir='ltr'>qui</span> 
     </span>
     <span class='ocr_line' id='line_1_10' title="bbox 264 1394 1503 1512; baseline -0.005 -49"><span class='ocrx_word' id='word_1_72' title='bbox 264 1419 335 1463; x_wconf 91' lang='lat' dir='ltr'>cum</span> <span class='ocrx_word' id='word_1_73' title='bbox 361 1395 485 1463; x_wconf 86' lang='lat' dir='ltr'>Solonis</span> <span class='ocrx_word' id='word_1_74' title='bbox 514 1396 591 1480; x_wconf 91' lang='lat' dir='ltr'>eleg.</span> <span class='ocrx_word' id='word_1_75' title='bbox 618 1395 729 1479; x_wconf 89' lang='lat' dir='ltr'>fragm.</span> <span class='ocrx_word' id='word_1_76' title='bbox 753 1395 832 1460; x_wconf 89' lang='lat' dir='ltr'>XIII</span> <span class='ocrx_word' id='word_1_77' title='bbox 859 1419 905 1459; x_wconf 90' lang='lat' dir='ltr'>vv.</span> <span class='ocrx_word' id='word_1_78' title='bbox 930 1394 1061 1460; x_wconf 86' lang='grc'>65-70</span> <span class='ocrx_word' id='word_1_79' title='bbox 1083 1397 1223 1462; x_wconf 75' lang='grc' dir='ltr'><strong>ιοιιιθιιι</strong></span> <span class='ocrx_word' id='word_1_80' title='bbox 1216 1401 1297 1459; x_wconf 86' lang='lat' dir='ltr'>runt:</span> <span class='ocrx_word' id='word_1_81' title='bbox 1327 1415 1410 1476; x_wconf 91' lang='lat' dir='ltr'>qua-</span> <span class='ocrx_word' id='word_1_82' title='bbox 1502 1397 1503 1512; x_wconf 44' lang='lat' dir='ltr'>p</span> 
     </span>
     <span class='ocr_line' id='line_1_11' title="bbox 264 1487 1503 1586; baseline -0.005 -17"><span class='ocrx_word' id='word_1_83' title='bbox 264 1505 359 1570; x_wconf 85' lang='lat' dir='ltr'>draut</span> <span class='ocrx_word' id='word_1_84' title='bbox 390 1505 474 1568; x_wconf 90' lang='lat' dir='ltr'>enim</span> <span class='ocrx_word' id='word_1_85' title='bbox 507 1504 548 1568; x_wconf 90' lang='lat' dir='ltr'>ad</span> <span class='ocrx_word' id='word_1_86' title='bbox 580 1523 726 1568; x_wconf 84' lang='lat' dir='ltr'>versuum</span> <span class='ocrx_word' id='word_1_87' title='bbox 758 1509 790 1567; x_wconf 90' lang='lat' dir='ltr'>et</span> <span class='ocrx_word' id='word_1_88' title='bbox 826 1502 1082 1586; x_wconf 80' lang='lat' dir='ltr'>praecedentium</span> <span class='ocrx_word' id='word_1_89' title='bbox 1115 1509 1147 1568; x_wconf 90' lang='lat' dir='ltr'>et</span> <span class='ocrx_word' id='word_1_90' title='bbox 1176 1501 1412 1585; x_wconf 88' lang='lat' dir='ltr'>insequentium</span> <span class='ocrx_word' id='word_1_91' title='bbox 1502 1487 1503 1575; x_wconf 79' lang='lat' dir='ltr'>l</span> 
     </span>
     <span class='ocr_line' id='line_1_12' title="bbox 264 1608 1411 1692; baseline -0.002 -18"><span class='ocrx_word' id='word_1_92' title='bbox 264 1631 318 1675; x_wconf 89' lang='lat' dir='ltr'>sen</span> <span class='ocrx_word' id='word_1_93' title='bbox 320 1610 461 1675; x_wconf 88' lang='lat' dir='ltr'>tentiam.</span> <span class='ocrx_word' id='word_1_94' title='bbox 518 1609 586 1687; x_wconf 86' lang='lat' dir='ltr'>Quo</span> <span class='ocrx_word' id='word_1_95' title='bbox 615 1631 653 1675; x_wconf 87' lang='lat' dir='ltr'>ex</span> <span class='ocrx_word' id='word_1_96' title='bbox 680 1609 749 1674; x_wconf 89' lang='lat' dir='ltr'>loco</span> <span class='ocrx_word' id='word_1_97' title='bbox 776 1609 856 1674; x_wconf 91' lang='lat' dir='ltr'>bene</span> <span class='ocrx_word' id='word_1_98' title='bbox 884 1609 1096 1692; x_wconf 82' lang='lat' dir='ltr'>cognoscitur,</span> <span class='ocrx_word' id='word_1_99' title='bbox 1128 1630 1190 1692; x_wconf 91' lang='lat' dir='ltr'>qua</span> <span class='ocrx_word' id='word_1_100' title='bbox 1217 1608 1411 1692; x_wconf 85' lang='lat' dir='ltr'>syllogurum</span> 
     </span>
     <span class='ocr_line' id='line_1_13' title="bbox 263 1715 1503 1786; baseline -0.004 -4"><span class='ocrx_word' id='word_1_101' title='bbox 263 1723 407 1782; x_wconf 77' lang='lat' dir='ltr'>auctores</span> <span class='ocrx_word' id='word_1_102' title='bbox 431 1717 561 1782; x_wconf 90' lang='lat' dir='ltr'>licentia</span> <span class='ocrx_word' id='word_1_103' title='bbox 584 1737 691 1781; x_wconf 85' lang='lat' dir='ltr'>versus</span> <span class='ocrx_word' id='word_1_104' title='bbox 709 1715 757 1780; x_wconf 90' lang='lat' dir='ltr'>int</span> <span class='ocrx_word' id='word_1_105' title='bbox 744 1716 902 1780; x_wconf 90' lang='lat' dir='ltr'>terdumt</span> <span class='ocrx_word' id='word_1_106' title='bbox 888 1717 1096 1782; x_wconf 80' lang='lat' dir='ltr'>tractaverint</span> <span class='ocrx_word' id='word_1_107' title='bbox 1113 1721 1146 1780; x_wconf 91' lang='lat' dir='ltr'>et</span> <span class='ocrx_word' id='word_1_108' title='bbox 1163 1715 1410 1780; x_wconf 82' lang='lat' dir='ltr'>immutaverint.</span> <span class='ocrx_word' id='word_1_109' title='bbox 1502 1769 1503 1786; x_wconf 77' lang='lat'>,</span> 
     </span>
     <span class='ocr_line' id='line_1_14' title="bbox 264 1798 1503 1908; baseline -0.002 -21"><span class='ocrx_word' id='word_1_110' title='bbox 264 1825 356 1908; x_wconf 86' lang='lat' dir='ltr'>Apud</span> <span class='ocrx_word' id='word_1_111' title='bbox 381 1822 527 1888; x_wconf 87' lang='lat' dir='ltr'>Solonem</span> <span class='ocrx_word' id='word_1_112' title='bbox 551 1822 634 1888; x_wconf 92' lang='lat' dir='ltr'>enim</span> <span class='ocrx_word' id='word_1_113' title='bbox 658 1845 684 1886; x_wconf 93' lang='grc' dir='ltr'>ι.</span> <span class='ocrx_word' id='word_1_114' title='bbox 703 1821 746 1887; x_wconf 90' lang='grc'>65</span> <span class='ocrx_word' id='word_1_115' title='bbox 769 1821 886 1906; x_wconf 91' lang='lat' dir='ltr'>legitur</span> <span class='ocrx_word' id='word_1_116' title='bbox 904 1829 986 1888; x_wconf 80' lang='grc' dir='ltr'><strong>πᾶσι</strong></span> <span class='ocrx_word' id='word_1_117' title='bbox 1006 1821 1044 1887; x_wconf 77' lang='grc' dir='ltr'>δέ</span> <span class='ocrx_word' id='word_1_118' title='bbox 1061 1845 1123 1899; x_wconf 91' lang='grc' dir='ltr'><strong>τοι,</strong></span> <span class='ocrx_word' id='word_1_119' title='bbox 1146 1823 1230 1906; x_wconf 90' lang='lat' dir='ltr'>apud</span> <span class='ocrx_word' id='word_1_120' title='bbox 1248 1821 1411 1905; x_wconf 91' lang='lat' dir='ltr'>Theogni-</span> <span class='ocrx_word' id='word_1_121' title='bbox 1502 1798 1503 1830; x_wconf 49' lang='lat'>¹</span> 
     </span>
     <span class='ocr_line' id='line_1_15' title="bbox 265 1929 1503 2012; baseline -0.006 -16"><span class='ocrx_word' id='word_1_122' title='bbox 265 1931 337 1996; x_wconf 90' lang='lat' dir='ltr'>dem</span> <span class='ocrx_word' id='word_1_123' title='bbox 360 1953 386 1994; x_wconf 92' lang='grc' dir='ltr'>ι.</span> <span class='ocrx_word' id='word_1_124' title='bbox 406 1929 471 1996; x_wconf 89' lang='grc'>585</span> <span class='ocrx_word' id='word_1_125' title='bbox 489 1930 594 1995; x_wconf 83' lang='grc' dir='ltr'><strong>πᾶσιν</strong></span> <span class='ocrx_word' id='word_1_126' title='bbox 616 1953 679 2006; x_wconf 86' lang='grc' dir='ltr'><strong>τοι,</strong></span> <span class='ocrx_word' id='word_1_127' title='bbox 702 1929 821 1996; x_wconf 90' lang='lat' dir='ltr'>scilicet</span> <span class='ocrx_word' id='word_1_128' title='bbox 844 1929 917 2012; x_wconf 91' lang='lat' dir='ltr'>quia</span> <span class='ocrx_word' id='word_1_129' title='bbox 941 1929 977 1994; x_wconf 78' lang='grc' dir='ltr'>δέ</span> <span class='ocrx_word' id='word_1_130' title='bbox 999 1929 1087 2007; x_wconf 92' lang='lat' dir='ltr'>illud,</span> <span class='ocrx_word' id='word_1_131' title='bbox 1110 1950 1150 1994; x_wconf 91' lang='lat' dir='ltr'>ne</span> <span class='ocrx_word' id='word_1_132' title='bbox 1173 1929 1329 1994; x_wconf 87' lang='lat' dir='ltr'>sententia</span> <span class='ocrx_word' id='word_1_133' title='bbox 1350 1949 1413 2012; x_wconf 88' lang='lat' dir='ltr'>per</span> <span class='ocrx_word' id='word_1_134' title='bbox 1502 1979 1503 1988; x_wconf 73' lang='grc'>,</span> 
     </span>
     <span class='ocr_line' id='line_1_16' title="bbox 263 2033 1503 2120; baseline -0.002 -18"><span class='ocrx_word' id='word_1_135' title='bbox 263 2059 297 2102; x_wconf 87' lang='lat' dir='ltr'>se</span> <span class='ocrx_word' id='word_1_136' title='bbox 324 2037 470 2102; x_wconf 85' lang='lat' dir='ltr'>absoluta</span> <span class='ocrx_word' id='word_1_137' title='bbox 497 2035 687 2112; x_wconf 90' lang='lat' dir='ltr'>efficeretur,</span> <span class='ocrx_word' id='word_1_138' title='bbox 716 2037 937 2119; x_wconf 83' lang='lat' dir='ltr'>impedivisset.</span> <span class='ocrx_word' id='word_1_139' title='bbox 984 2037 1105 2101; x_wconf 86' lang='lat' dir='ltr'>Deinde</span> <span class='ocrx_word' id='word_1_140' title='bbox 1133 2057 1191 2120; x_wconf 92' lang='lat' dir='ltr'>pro</span> <span class='ocrx_word' id='word_1_141' title='bbox 1218 2035 1322 2100; x_wconf 85' lang='lat' dir='ltr'>verbis</span> <span class='ocrx_word' id='word_1_142' title='bbox 1350 2033 1411 2100; x_wconf 89' lang='lat' dir='ltr'>So-</span> <span class='ocrx_word' id='word_1_143' title='bbox 1502 2071 1503 2084; x_wconf 76' lang='lat'>.</span> 
     </span>
     <span class='ocr_line' id='line_1_17' title="bbox 262 2129 1411 2229; baseline -0.001 -22"><span class='ocrx_word' id='word_1_144' title='bbox 262 2144 343 2208; x_wconf 92' lang='lat' dir='ltr'>lonis</span> <span class='ocrx_word' id='word_1_145' title='bbox 375 2142 416 2229; x_wconf 87' lang='lat' dir='ltr'>(v.</span> <span class='ocrx_word' id='word_1_146' title='bbox 440 2144 497 2228; x_wconf 81' lang='grc'>67)</span> <span class='ocrx_word' id='word_1_147' title='bbox 531 2129 568 2206; x_wconf 82' lang='grc' dir='ltr'>εὖ</span> <span class='ocrx_word' id='word_1_148' title='bbox 600 2139 708 2228; x_wconf 71' lang='grc' dir='ltr'><strong>ἕρδειν</strong></span> <span class='ocrx_word' id='word_1_149' title='bbox 740 2149 773 2207; x_wconf 92' lang='lat' dir='ltr'>et</span> <span class='ocrx_word' id='word_1_150' title='bbox 805 2143 846 2227; x_wconf 86' lang='grc' dir='ltr'>(ι.</span> <span class='ocrx_word' id='word_1_151' title='bbox 875 2143 932 2229; x_wconf 87' lang='grc'>69)</span> <span class='ocrx_word' id='word_1_152' title='bbox 961 2138 1094 2228; x_wconf 72' lang='grc' dir='ltr'><strong>ἕρδοντι</strong></span> <span class='ocrx_word' id='word_1_153' title='bbox 1130 2143 1163 2207; x_wconf 92' lang='grc' dir='ltr'>ιιι</span> <span class='ocrx_word' id='word_1_154' title='bbox 1196 2141 1411 2226; x_wconf 89' lang='lat' dir='ltr'>Theognideis</span> 
     </span>
     <span class='ocr_line' id='line_1_18' title="bbox 264 2242 1503 2335; baseline 0 -23"><span class='ocrx_word' id='word_1_155' title='bbox 264 2251 304 2333; x_wconf 89' lang='grc' dir='ltr'>(ι.</span> <span class='ocrx_word' id='word_1_156' title='bbox 323 2250 403 2335; x_wconf 82' lang='grc'>587)</span> <span class='ocrx_word' id='word_1_157' title='bbox 428 2242 616 2332; x_wconf 79' lang='grc' dir='ltr'>εὐδοκιμεῖν</span> <span class='ocrx_word' id='word_1_158' title='bbox 639 2255 672 2314; x_wconf 91' lang='lat' dir='ltr'>et</span> <span class='ocrx_word' id='word_1_159' title='bbox 690 2249 730 2335; x_wconf 84' lang='lat' dir='ltr'>(v.</span> <span class='ocrx_word' id='word_1_160' title='bbox 749 2247 830 2334; x_wconf 87' lang='grc'>589)</span> <span class='ocrx_word' id='word_1_161' title='bbox 848 2256 1002 2314; x_wconf 81' lang='grc' dir='ltr'><strong>ποιεῦντι</strong></span> <span class='ocrx_word' id='word_1_162' title='bbox 1021 2257 1183 2314; x_wconf 84' lang='lat' dir='ltr'>exaratum</span> <span class='ocrx_word' id='word_1_163' title='bbox 1203 2255 1258 2314; x_wconf 91' lang='lat' dir='ltr'>est.</span> <span class='ocrx_word' id='word_1_164' title='bbox 1303 2248 1411 2313; x_wconf 91' lang='lat' dir='ltr'>Dubi-</span> <span class='ocrx_word' id='word_1_165' title='bbox 1502 2277 1503 2328; x_wconf 72' lang='lat' dir='ltr'>l</span> 
     </span>
     <span class='ocr_line' id='line_1_19' title="bbox 263 2355 1503 2440; baseline -0.001 -20"><span class='ocrx_word' id='word_1_166' title='bbox 263 2357 326 2420; x_wconf 88' lang='lat' dir='ltr'>tari</span> <span class='ocrx_word' id='word_1_167' title='bbox 348 2356 400 2420; x_wconf 86' lang='grc' dir='ltr'>ιιι</span> <span class='ocrx_word' id='word_1_168' title='bbox 423 2361 541 2439; x_wconf 92' lang='lat' dir='ltr'>potest,</span> <span class='ocrx_word' id='word_1_169' title='bbox 569 2356 645 2438; x_wconf 90' lang='lat' dir='ltr'>quin</span> <span class='ocrx_word' id='word_1_170' title='bbox 673 2377 710 2420; x_wconf 92' lang='lat' dir='ltr'>ea</span> <span class='ocrx_word' id='word_1_171' title='bbox 734 2377 814 2440; x_wconf 89' lang='lat' dir='ltr'>quae</span> <span class='ocrx_word' id='word_1_172' title='bbox 837 2356 922 2440; x_wconf 91' lang='lat' dir='ltr'>apud</span> <span class='ocrx_word' id='word_1_173' title='bbox 945 2355 1090 2421; x_wconf 84' lang='lat' dir='ltr'>Solonem</span> <span class='ocrx_word' id='word_1_174' title='bbox 1120 2355 1285 2420; x_wconf 87' lang='lat' dir='ltr'>exhibetur</span> <span class='ocrx_word' id='word_1_175' title='bbox 1312 2355 1411 2421; x_wconf 89' lang='lat' dir='ltr'>lectio</span> <span class='ocrx_word' id='word_1_176' title='bbox 1502 2355 1503 2410; x_wconf 73' lang='grc' dir='ltr'>ἶ</span> 
     </span>
     <span class='ocr_line' id='line_1_20' title="bbox 263 2461 1503 2546; baseline 0.002 -19"><span class='ocrx_word' id='word_1_177' title='bbox 263 2464 338 2546; x_wconf 89' lang='lat' dir='ltr'>quia</span> <span class='ocrx_word' id='word_1_178' title='bbox 361 2469 408 2527; x_wconf 94' lang='lat' dir='ltr'>est</span> <span class='ocrx_word' id='word_1_179' title='bbox 432 2461 601 2546; x_wconf 91' lang='lat' dir='ltr'>simplicior</span> <span class='ocrx_word' id='word_1_180' title='bbox 624 2463 695 2528; x_wconf 91' lang='lat' dir='ltr'>ideo</span> <span class='ocrx_word' id='word_1_181' title='bbox 717 2462 817 2546; x_wconf 87' lang='lat' dir='ltr'>magis</span> <span class='ocrx_word' id='word_1_182' title='bbox 840 2463 978 2546; x_wconf 89' lang='lat' dir='ltr'>genuina</span> <span class='ocrx_word' id='word_1_183' title='bbox 995 2463 1165 2528; x_wconf 89' lang='lat' dir='ltr'>iudicanda</span> <span class='ocrx_word' id='word_1_184' title='bbox 1182 2462 1231 2528; x_wconf 90' lang='lat' dir='ltr'>sit.</span> <span class='ocrx_word' id='word_1_185' title='bbox 1267 2462 1411 2546; x_wconf 85' lang='lat' dir='ltr'>Respon-</span> <span class='ocrx_word' id='word_1_186' title='bbox 1502 2469 1503 2530; x_wconf 71' lang='grc' dir='ltr'>ι</span> 
     </span>
     <span class='ocr_line' id='line_1_21' title="bbox 264 2564 1411 2656; baseline 0 -22"><span class='ocrx_word' id='word_1_187' title='bbox 264 2571 340 2634; x_wconf 89' lang='lat' dir='ltr'>deut</span> <span class='ocrx_word' id='word_1_188' title='bbox 367 2569 450 2634; x_wconf 90' lang='lat' dir='ltr'>enim</span> <span class='ocrx_word' id='word_1_189' title='bbox 479 2569 595 2653; x_wconf 90' lang='lat' dir='ltr'>optime</span> <span class='ocrx_word' id='word_1_190' title='bbox 619 2569 773 2634; x_wconf 88' lang='lat' dir='ltr'>vocabula</span> <span class='ocrx_word' id='word_1_191' title='bbox 800 2571 883 2652; x_wconf 91' lang='lat' dir='ltr'>apud</span> <span class='ocrx_word' id='word_1_192' title='bbox 907 2568 1053 2656; x_wconf 87' lang='lat' dir='ltr'>Solonem</span> <span class='ocrx_word' id='word_1_193' title='bbox 1085 2570 1135 2635; x_wconf 94' lang='lat' dir='ltr'>bis</span> <span class='ocrx_word' id='word_1_194' title='bbox 1167 2568 1270 2654; x_wconf 85' lang='lat' dir='ltr'>posita</span> <span class='ocrx_word' id='word_1_195' title='bbox 1297 2564 1411 2654; x_wconf 72' lang='grc' dir='ltr'><strong>ἕρδειν</strong></span> 
     </span>
     <span class='ocr_line' id='line_1_22' title="bbox 264 2665 1503 2760; baseline 0.003 -22"><span class='ocrx_word' id='word_1_196' title='bbox 264 2681 296 2740; x_wconf 92' lang='lat' dir='ltr'>et</span> <span class='ocrx_word' id='word_1_197' title='bbox 324 2670 455 2759; x_wconf 72' lang='grc' dir='ltr'><strong>ἕρδοντι</strong></span> <span class='ocrx_word' id='word_1_198' title='bbox 484 2675 578 2740; x_wconf 83' lang='lat' dir='ltr'>verbo</span> <span class='ocrx_word' id='word_1_199' title='bbox 606 2671 762 2760; x_wconf 74' lang='grc' dir='ltr'><strong>ἔργμασιν</strong></span> <span class='ocrx_word' id='word_1_200' title='bbox 793 2699 820 2741; x_wconf 92' lang='grc' dir='ltr'>ι.</span> <span class='ocrx_word' id='word_1_201' title='bbox 844 2675 887 2740; x_wconf 88' lang='grc'>65</span> <span class='ocrx_word' id='word_1_202' title='bbox 915 2675 955 2740; x_wconf 91' lang='lat' dir='ltr'>ab</span> <span class='ocrx_word' id='word_1_203' title='bbox 984 2677 1093 2741; x_wconf 90' lang='lat' dir='ltr'>eadem</span> <span class='ocrx_word' id='word_1_204' title='bbox 1121 2677 1227 2742; x_wconf 91' lang='lat' dir='ltr'>radice</span> <span class='ocrx_word' id='word_1_205' title='bbox 1255 2677 1410 2742; x_wconf 89' lang='lat' dir='ltr'>derivato.</span> <span class='ocrx_word' id='word_1_206' title='bbox 1502 2665 1503 2730; x_wconf 82' lang='lat'><em>]</em></span> 
     </span>
     <span class='ocr_line' id='line_1_23' title="bbox 264 2769 1503 2866; baseline 0.001 -21"><span class='ocrx_word' id='word_1_207' title='bbox 264 2782 402 2846; x_wconf 90' lang='lat' dir='ltr'>Primum</span> <span class='ocrx_word' id='word_1_208' title='bbox 430 2782 528 2865; x_wconf 92' lang='lat' dir='ltr'>igitur</span> <span class='ocrx_word' id='word_1_209' title='bbox 554 2783 777 2865; x_wconf 90' lang='lat' dir='ltr'>grammaticus</span> <span class='ocrx_word' id='word_1_210' title='bbox 804 2783 945 2866; x_wconf 91' lang='lat' dir='ltr'>quidam,</span> <span class='ocrx_word' id='word_1_211' title='bbox 977 2789 1014 2846; x_wconf 94' lang='lat' dir='ltr'>ut</span> <span class='ocrx_word' id='word_1_212' title='bbox 1040 2784 1191 2859; x_wconf 81' lang='lat' dir='ltr'>variaret,</span> <span class='ocrx_word' id='word_1_213' title='bbox 1219 2774 1410 2866; x_wconf 81' lang='grc' dir='ltr'><strong>εὐδοκιμεῖν</strong></span> <span class='ocrx_word' id='word_1_214' title='bbox 1502 2769 1503 2774; x_wconf 26' lang='lat'>¹</span> 
     </span>
     <span class='ocr_line' id='line_1_24' title="bbox 262 2875 1503 2975; baseline 0 -23"><span class='ocrx_word' id='word_1_215' title='bbox 262 2910 321 2972; x_wconf 89' lang='lat' dir='ltr'>pro</span> <span class='ocrx_word' id='word_1_216' title='bbox 344 2875 382 2952; x_wconf 79' lang='grc' dir='ltr'>εὖ</span> <span class='ocrx_word' id='word_1_217' title='bbox 405 2885 513 2975; x_wconf 72' lang='grc' dir='ltr'><strong>ἕρδειν</strong></span> <span class='ocrx_word' id='word_1_218' title='bbox 537 2889 570 2953; x_wconf 92' lang='lat' dir='ltr'>in</span> <span class='ocrx_word' id='word_1_219' title='bbox 594 2896 714 2954; x_wconf 88' lang='lat' dir='ltr'>textum</span> <span class='ocrx_word' id='word_1_220' title='bbox 737 2889 862 2954; x_wconf 84' lang='lat' dir='ltr'>videtur</span> <span class='ocrx_word' id='word_1_221' title='bbox 885 2890 1052 2974; x_wconf 88' lang='lat' dir='ltr'>recepisse,</span> <span class='ocrx_word' id='word_1_222' title='bbox 1075 2890 1155 2955; x_wconf 85' lang='lat' dir='ltr'>alius</span> <span class='ocrx_word' id='word_1_223' title='bbox 1178 2888 1312 2954; x_wconf 87' lang='lat' dir='ltr'>fortasse</span> <span class='ocrx_word' id='word_1_224' title='bbox 1335 2909 1410 2953; x_wconf 90' lang='lat' dir='ltr'>seu·</span> <span class='ocrx_word' id='word_1_225' title='bbox 1502 2911 1503 2916; x_wconf 49' lang='lat'>¹</span> 
     </span>
     <span class='ocr_line' id='line_1_25' title="bbox 263 2992 1410 3081; baseline 0 -21"><span class='ocrx_word' id='word_1_226' title='bbox 263 2997 382 3061; x_wconf 84' lang='lat' dir='ltr'>tentiae</span> <span class='ocrx_word' id='word_1_227' title='bbox 413 2996 619 3061; x_wconf 90' lang='lat' dir='ltr'>illustrandae</span> <span class='ocrx_word' id='word_1_228' title='bbox 652 3017 747 3061; x_wconf 90' lang='lat' dir='ltr'>causa</span> <span class='ocrx_word' id='word_1_229' title='bbox 777 3004 931 3061; x_wconf 78' lang='grc' dir='ltr'><strong>ποιεῦντι</strong></span> <span class='ocrx_word' id='word_1_230' title='bbox 959 3019 1016 3081; x_wconf 91' lang='lat' dir='ltr'>pro</span> <span class='ocrx_word' id='word_1_231' title='bbox 1045 2992 1178 3080; x_wconf 78' lang='lat' dir='ltr'>l&#39;pdovu</span> <span class='ocrx_word' id='word_1_232' title='bbox 1206 2997 1239 3060; x_wconf 89' lang='lat' dir='ltr'>in</span> <span class='ocrx_word' id='word_1_233' title='bbox 1266 2994 1410 3079; x_wconf 87' lang='lat' dir='ltr'>margine</span> 
     </span>
     <span class='ocr_line' id='line_1_26' title="bbox 263 3102 1410 3189; baseline -0.001 -23"><span class='ocrx_word' id='word_1_234' title='bbox 263 3102 444 3185; x_wconf 85' lang='lat' dir='ltr'>adscripsit,</span> <span class='ocrx_word' id='word_1_235' title='bbox 481 3123 561 3186; x_wconf 90' lang='lat' dir='ltr'>quae</span> <span class='ocrx_word' id='word_1_236' title='bbox 598 3103 788 3187; x_wconf 85' lang='lat' dir='ltr'>glossemata</span> <span class='ocrx_word' id='word_1_237' title='bbox 820 3125 840 3168; x_wconf 91' lang='lat' dir='ltr'>a</span> <span class='ocrx_word' id='word_1_238' title='bbox 870 3104 985 3189; x_wconf 86' lang='lat' dir='ltr'>prIoris</span> <span class='ocrx_word' id='word_1_239' title='bbox 1017 3103 1155 3188; x_wconf 85' lang='lat' dir='ltr'>syllegae</span> <span class='ocrx_word' id='word_1_240' title='bbox 1187 3102 1410 3186; x_wconf 86' lang='lat' dir='ltr'>Theognideae</span> 
     </span>
     <span class='ocr_line' id='line_1_27' title="bbox 263 3206 1409 3295; baseline 0.001 -23"><span class='ocrx_word' id='word_1_241' title='bbox 263 3215 391 3295; x_wconf 86' lang='lat' dir='ltr'>auctore</span> <span class='ocrx_word' id='word_1_242' title='bbox 419 3210 451 3274; x_wconf 91' lang='lat' dir='ltr'>in</span> <span class='ocrx_word' id='word_1_243' title='bbox 479 3215 570 3274; x_wconf 85' lang='lat' dir='ltr'>textu</span> <span class='ocrx_word' id='word_1_244' title='bbox 596 3220 721 3275; x_wconf 85' lang='lat' dir='ltr'>servata</span> <span class='ocrx_word' id='word_1_245' title='bbox 748 3215 829 3275; x_wconf 89' lang='lat' dir='ltr'>sunt.</span> <span class='ocrx_word' id='word_1_246' title='bbox 877 3211 967 3289; x_wconf 80' lang='lat' dir='ltr'>Quod</span> <span class='ocrx_word' id='word_1_247' title='bbox 991 3211 1126 3294; x_wconf 91' lang='lat' dir='ltr'>denique</span> <span class='ocrx_word' id='word_1_248' title='bbox 1153 3209 1239 3294; x_wconf 88' lang='lat' dir='ltr'>apud</span> <span class='ocrx_word' id='word_1_249' title='bbox 1261 3206 1409 3273; x_wconf 87' lang='lat' dir='ltr'>Solonem</span> 
     </span>
     <span class='ocr_line' id='line_1_28' title="bbox 263 3314 1409 3403; baseline 0 -25"><span class='ocrx_word' id='word_1_250' title='bbox 263 3338 289 3379; x_wconf 90' lang='lat' dir='ltr'>v.</span> <span class='ocrx_word' id='word_1_251' title='bbox 314 3315 355 3378; x_wconf 87' lang='lat'>69</span> <span class='ocrx_word' id='word_1_252' title='bbox 385 3314 536 3392; x_wconf 82' lang='grc' dir='ltr'><strong>δίδωσιν,</strong></span> <span class='ocrx_word' id='word_1_253' title='bbox 564 3317 648 3400; x_wconf 92' lang='lat' dir='ltr'>apud</span> <span class='ocrx_word' id='word_1_254' title='bbox 675 3315 890 3400; x_wconf 88' lang='lat' dir='ltr'>Theognidem</span> <span class='ocrx_word' id='word_1_255' title='bbox 923 3340 950 3381; x_wconf 92' lang='lat' dir='ltr'>v.</span> <span class='ocrx_word' id='word_1_256' title='bbox 975 3316 1039 3382; x_wconf 89' lang='grc'>589</span> <span class='ocrx_word' id='word_1_257' title='bbox 1068 3318 1204 3403; x_wconf 73' lang='grc' dir='ltr'><strong>τίθησιν</strong></span> <span class='ocrx_word' id='word_1_258' title='bbox 1231 3314 1409 3392; x_wconf 70' lang='lat' dir='ltr'>exhibeam,</span> 
     </span>
     <span class='ocr_line' id='line_1_29' title="bbox 263 3419 1409 3506; baseline 0.002 -22"><span class='ocrx_word' id='word_1_259' title='bbox 263 3421 296 3485; x_wconf 90' lang='lat' dir='ltr'>id</span> <span class='ocrx_word' id='word_1_260' title='bbox 328 3419 467 3486; x_wconf 87' lang='lat' dir='ltr'>librariis</span> <span class='ocrx_word' id='word_1_261' title='bbox 498 3421 678 3501; x_wconf 90' lang='lat' dir='ltr'>tribuerim,</span> <span class='ocrx_word' id='word_1_262' title='bbox 711 3424 764 3506; x_wconf 92' lang='lat' dir='ltr'>qui</span> <span class='ocrx_word' id='word_1_263' title='bbox 797 3423 950 3488; x_wconf 88' lang='lat' dir='ltr'>vocabula</span> <span class='ocrx_word' id='word_1_264' title='bbox 980 3423 1037 3488; x_wconf 93' lang='lat' dir='ltr'>illa</span> <span class='ocrx_word' id='word_1_265' title='bbox 1068 3423 1237 3489; x_wconf 91' lang='lat' dir='ltr'>sescenties</span> <span class='ocrx_word' id='word_1_266' title='bbox 1263 3422 1347 3486; x_wconf 90' lang='lat' dir='ltr'>inter</span> <span class='ocrx_word' id='word_1_267' title='bbox 1376 3443 1409 3486; x_wconf 88' lang='lat' dir='ltr'>se</span> 
     </span>
     <span class='ocr_line' id='line_1_30' title="bbox 263 3533 504 3594; baseline -0.004 0"><span class='ocrx_word' id='word_1_268' title='bbox 263 3533 504 3594; x_wconf 86' lang='lat' dir='ltr'>commutarunt.</span> 
     </span>
     <span class='ocr_line' id='line_1_31' title="bbox 351 3635 1409 3721; baseline -0.001 -22"><span class='ocrx_word' id='word_1_269' title='bbox 351 3635 419 3700; x_wconf 92' lang='lat' dir='ltr'>Iam</span> <span class='ocrx_word' id='word_1_270' title='bbox 447 3635 586 3701; x_wconf 82' lang='lat' dir='ltr'>breviter</span> <span class='ocrx_word' id='word_1_271' title='bbox 608 3637 636 3701; x_wconf 90' lang='lat' dir='ltr'>si</span> <span class='ocrx_word' id='word_1_272' title='bbox 658 3637 762 3719; x_wconf 88' lang='lat' dir='ltr'>placet</span> <span class='ocrx_word' id='word_1_273' title='bbox 785 3637 882 3702; x_wconf 91' lang='lat' dir='ltr'>alium</span> <span class='ocrx_word' id='word_1_274' title='bbox 905 3636 1153 3721; x_wconf 89' lang='lat' dir='ltr'>contemplemur</span> <span class='ocrx_word' id='word_1_275' title='bbox 1175 3636 1285 3702; x_wconf 90' lang='lat' dir='ltr'>locum.</span> <span class='ocrx_word' id='word_1_276' title='bbox 1332 3635 1409 3699; x_wconf 92' lang='lat' dir='ltr'>Post</span> 
     </span>
     <span class='ocr_line' id='line_1_32' title="bbox 262 3741 1409 3828; baseline 0.001 -23"><span class='ocrx_word' id='word_1_277' title='bbox 262 3764 290 3805; x_wconf 92' lang='grc' dir='ltr'>ι.</span> <span class='ocrx_word' id='word_1_278' title='bbox 315 3741 378 3806; x_wconf 78' lang='grc'>718</span> <span class='ocrx_word' id='word_1_279' title='bbox 403 3742 496 3818; x_wconf 94' lang='lat' dir='ltr'>enim,</span> <span class='ocrx_word' id='word_1_280' title='bbox 519 3743 573 3825; x_wconf 89' lang='lat' dir='ltr'>qui</span> <span class='ocrx_word' id='word_1_281' title='bbox 590 3743 716 3828; x_wconf 84' lang='lat' dir='ltr'>longius</span> <span class='ocrx_word' id='word_1_282' title='bbox 735 3743 854 3828; x_wconf 89' lang='lat' dir='ltr'>elegiae</span> <span class='ocrx_word' id='word_1_283' title='bbox 872 3742 1082 3827; x_wconf 87' lang='lat' dir='ltr'>fragmentum</span> <span class='ocrx_word' id='word_1_284' title='bbox 1101 3743 1230 3819; x_wconf 87' lang='lat' dir='ltr'>claudit,</span> <span class='ocrx_word' id='word_1_285' title='bbox 1253 3743 1409 3828; x_wconf 88' lang='lat' dir='ltr'>quaedam</span> 
     </span>
     <span class='ocr_line' id='line_1_33' title="bbox 264 3848 1407 3933; baseline 0.003 -22"><span class='ocrx_word' id='word_1_286' title='bbox 264 3848 398 3912; x_wconf 89' lang='lat' dir='ltr'>aliorum</span> <span class='ocrx_word' id='word_1_287' title='bbox 421 3852 586 3931; x_wconf 84' lang='lat' dir='ltr'>po&#39;e&#39;tarum</span> <span class='ocrx_word' id='word_1_288' title='bbox 610 3849 787 3933; x_wconf 90' lang='lat' dir='ltr'>fragmenta</span> <span class='ocrx_word' id='word_1_289' title='bbox 809 3851 929 3915; x_wconf 89' lang='lat' dir='ltr'>inserta</span> <span class='ocrx_word' id='word_1_290' title='bbox 946 3856 1028 3915; x_wconf 91' lang='lat' dir='ltr'>sunt</span> <span class='ocrx_word' id='word_1_291' title='bbox 1065 3848 1147 3914; x_wconf 90' lang='lat' dir='ltr'>Sane</span> <span class='ocrx_word' id='word_1_292' title='bbox 1165 3872 1211 3914; x_wconf 88' lang='grc' dir='ltr'>ιι.</span> <span class='ocrx_word' id='word_1_293' title='bbox 1232 3849 1407 3914; x_wconf 72' lang='lat' dir='ltr'>tre-728</span> 
     </span>
    </p>
   </div>
   <div class='ocr_carea' id='block_1_3' title="bbox 263 3953 1409 4151">
    <p class='ocr_par' dir='ltr' id='par_1_3' title="bbox 263 3953 1409 4151">
     <span class='ocr_line' id='line_1_34' title="bbox 264 3953 1409 4040; baseline 0.004 -22"><span class='ocrx_word' id='word_1_294' title='bbox 264 3953 386 4019; x_wconf 86' lang='lat' dir='ltr'>Solonis</span> <span class='ocrx_word' id='word_1_295' title='bbox 419 3954 543 4038; x_wconf 87' lang='lat' dir='ltr'>(fragm.</span> <span class='ocrx_word' id='word_1_296' title='bbox 571 3955 691 4040; x_wconf 85' lang='lat' dir='ltr'>XXIV)</span> <span class='ocrx_word' id='word_1_297' title='bbox 724 3963 811 4034; x_wconf 90' lang='lat' dir='ltr'>sunt,</span> <span class='ocrx_word' id='word_1_298' title='bbox 845 3957 1008 4040; x_wconf 89' lang='lat' dir='ltr'>eidemque</span> <span class='ocrx_word' id='word_1_299' title='bbox 1040 3959 1154 4040; x_wconf 74' lang='lat' dir='ltr'>poetae</span> <span class='ocrx_word' id='word_1_300' title='bbox 1186 3978 1307 4022; x_wconf 87' lang='lat' dir='ltr'>summa</span> <span class='ocrx_word' id='word_1_301' title='bbox 1339 3979 1409 4022; x_wconf 90' lang='lat' dir='ltr'>cum</span> 
     </span>
     <span class='ocr_line' id='line_1_35' title="bbox 263 4060 1407 4151; baseline 0.004 -28"><span class='ocrx_word' id='word_1_302' title='bbox 263 4060 488 4142; x_wconf 88' lang='lat' dir='ltr'>probabilitate</span> <span class='ocrx_word' id='word_1_303' title='bbox 524 4085 569 4127; x_wconf 91' lang='grc' dir='ltr'>ιι.</span> <span class='ocrx_word' id='word_1_304' title='bbox 604 4063 710 4127; x_wconf 82' lang='grc'><strong>731-</strong></span> <span class='ocrx_word' id='word_1_305' title='bbox 716 4063 779 4126; x_wconf 80' lang='grc'>742</span> <span class='ocrx_word' id='word_1_306' title='bbox 812 4069 843 4128; x_wconf 92' lang='lat' dir='ltr'>et</span> <span class='ocrx_word' id='word_1_307' title='bbox 880 4085 928 4128; x_wconf 89' lang='grc' dir='ltr'>ιι</span> <span class='ocrx_word' id='word_1_308' title='bbox 962 4061 1141 4128; x_wconf 70' lang='grc'>748-752</span> <span class='ocrx_word' id='word_1_309' title='bbox 1178 4063 1372 4129; x_wconf 89' lang='lat' dir='ltr'>tribuuntur.</span> <span class='ocrx_word' id='word_1_310' title='bbox 1382 4065 1407 4151; x_wconf 78' lang='lat'>²)</span> 
     </span>
    </p>
   </div>
   <div class='ocr_carea' id='block_1_4' title="bbox 265 4179 473 4187">
    <p class='ocr_par' dir='ltr' id='par_1_4' title="bbox 265 4179 473 4187">
     <span class='ocr_line' id='line_1_36' title="bbox 265 4179 473 4187; baseline -0.005 0"><span class='ocrx_word' id='word_1_311' title='bbox 265 4179 473 4187; x_wconf 77' lang='lat'><em>———..</em></span> 
     </span>
    </p>
   </div>
   <div class='ocr_carea' id='block_1_5' title="bbox 263 4219 1406 4363">
    <p class='ocr_par' dir='ltr' id='par_1_5' title="bbox 263 4219 1406 4363">
     <span class='ocr_line' id='line_1_37' title="bbox 355 4219 1406 4292; baseline 0.006 -19.058"><span class='ocrx_word' id='word_1_312' title='bbox 355 4219 441 4284; x_wconf 88' lang='lat' dir='ltr'>¹f.)cr</span> <span class='ocrx_word' id='word_1_313' title='bbox 462 4236 532 4290; x_wconf 85' lang='lat' dir='ltr'>quae</span> <span class='ocrx_word' id='word_1_314' title='bbox 551 4239 577 4290; x_wconf 91' lang='lat' dir='ltr'>p.</span> <span class='ocrx_word' id='word_1_315' title='bbox 598 4222 632 4275; x_wconf 79' lang='lat'>‘14</span> <span class='ocrx_word' id='word_1_316' title='bbox 650 4222 686 4277; x_wconf 87' lang='lat' dir='ltr'>ad</span> <span class='ocrx_word' id='word_1_317' title='bbox 705 4239 746 4275; x_wconf 88' lang='grc' dir='ltr'>ιι.</span> <span class='ocrx_word' id='word_1_318' title='bbox 766 4222 827 4276; x_wconf 80' lang='grc'>367.</span> <span class='ocrx_word' id='word_1_319' title='bbox 847 4223 952 4278; x_wconf 71' lang='grc' dir='ltr'>368Ξ</span> <span class='ocrx_word' id='word_1_320' title='bbox 974 4223 1070 4278; x_wconf 64' lang='lat' dir='ltr'>neat</span> <span class='ocrx_word' id='word_1_321' title='bbox 1094 4223 1127 4277; x_wconf 91' lang='lat' dir='ltr'>de</span> <span class='ocrx_word' id='word_1_322' title='bbox 1152 4221 1289 4292; x_wconf 85' lang='lat' dir='ltr'>particula</span> <span class='ocrx_word' id='word_1_323' title='bbox 1308 4221 1338 4278; x_wconf 80' lang='grc' dir='ltr'>δέ</span> <span class='ocrx_word' id='word_1_324' title='bbox 1358 4225 1406 4279; x_wconf 86' lang='lat' dir='ltr'>ad-</span> 
     </span>
     <span class='ocr_line' id='line_1_38' title="bbox 263 4308 425 4363; baseline 0.013 -2"><span class='ocrx_word' id='word_1_325' title='bbox 263 4308 425 4363; x_wconf 85' lang='lat' dir='ltr'>notavimus.</span> 
     </span>
    </p>
   </div>
   <div class='ocr_carea' id='block_1_6' title="bbox 352 4397 853 4468">
    <p class='ocr_par' dir='ltr' id='par_1_6' title="bbox 352 4397 853 4468">
     <span class='ocr_line' id='line_1_39' title="bbox 352 4397 853 4468; baseline 0.002 -16.025"><span class='ocrx_word' id='word_1_326' title='bbox 352 4397 373 4463; x_wconf 90' lang='grc'>9)</span> <span class='ocrx_word' id='word_1_327' title='bbox 392 4397 440 4452; x_wconf 89' lang='lat' dir='ltr'>crf.</span> <span class='ocrx_word' id='word_1_328' title='bbox 420 4397 608 4468; x_wconf 80' lang='lat' dir='ltr'>rBerglriurn</span> <span class='ocrx_word' id='word_1_329' title='bbox 629 4399 663 4454; x_wconf 86' lang='lat' dir='ltr'>ad</span> <span class='ocrx_word' id='word_1_330' title='bbox 683 4401 732 4453; x_wconf 89' lang='lat' dir='ltr'>hos</span> <span class='ocrx_word' id='word_1_331' title='bbox 752 4415 853 4453; x_wconf 81' lang='lat' dir='ltr'>versus.</span> 
     </span>
    </p>
   </div>
   <div class='ocr_carea' id='block_1_7' title="bbox 0 0 1510 4896">
    <p class='ocr_par' dir='ltr' id='par_1_7' title="bbox 0 0 1510 4896">
     <span class='ocr_line' id='line_1_40' title="bbox 0 0 1510 4896; baseline 0 0"><span class='ocrx_word' id='word_1_332' title='bbox 0 0 1510 4896; x_wconf 95' lang='lat' dir='ltr'> </span> 
     </span>
    </p>
   </div>
  </div>
 </body>
</html>
