2982 4884
273 321 335 383 nno
704 353 747 364 --
796 318 878 399 [310]
927 351 970 360 -

275 504 314 572 τὸ
337 503 460 582 κάλλος
486 557 492 570 .
514 553 549 570 ..
577 503 613 570 ἐν
635 511 681 589 τῷ
704 511 851 590 περιττῷ
873 507 1072 588 τιθεμένου·
1114 507 1191 567 5504
1215 500 1252 566 τὸ
1276 499 1398 566 ἐλεύθε-

277 633 337 694 ρον
361 603 421 675 οὐκ
445 607 481 674 ἐν
503 614 550 694 τῷ
572 619 802 694 καταφρονεῖν
823 614 890 673 τῶν
916 601 1099 693 ἀρχόντων,
1132 599 1209 669 ἀλλ’
1236 603 1272 671 ἐν
1298 611 1341 689 τῷ
1367 601 1400 668 τά

277 709 480 794 κελευόμενα
514 723 627 776 ποιεῖν
661 714 837 776 τίθεσθαι.
890 711 930 775 A.
956 709 994 774 R.
1019 711 1099 774 136
1128 730 1161 794 p.
1187 712 1258 774 4312
1290 707 1398 772 Kicsst.

278 812 337 880 τόν
360 812 395 879 ἐκ
418 820 478 901 γῆς
500 815 651 879 πλοῦτον
674 807 734 879 οὐκ
758 812 794 878 ἐν
815 819 878 898 μιᾷ
900 817 1042 895 τίθεμαι
1063 818 1204 898 καρπῶν
1226 809 1309 896 ἰδέᾳ.

362 989 395 1052 p.
419 969 544 1031 10082ss
567 967 742 1052 Dionysius
766 967 917 1032 Isocratis
939 965 1110 1031 dictionem
1133 966 1319 1048 vituperans
1340 983 1402 1028 cnm

277 1070 342 1135 alia
364 1070 455 1154 ponit
484 1076 551 1134 tum
581 1068 660 1135 hoc:
704 1067 750 1134 Τὸ
776 1063 808 1134 δ’
834 1067 869 1134 ἐκ
899 1066 1029 1145 παντὸς
1060 1061 1194 1155 ἡδύνειν
1220 1065 1280 1143 τὰς
1311 1060 1405 1140 ἀκοὰς

277 1167 441 1259 εὐφώνων
463 1197 498 1238 τε
519 1173 576 1237 καὶ
592 1171 753 1238 ἐκλεκτῶν
769 1166 947 1255 ὀνομάτων
963 1169 1081 1256 ἐκλογῇ
1097 1171 1153 1235 καὶ
1169 1167 1282 1235 πάντα
1300 1163 1406 1248 ἀξιοῦν

277 1275 326 1352 είς
348 1270 542 1360 εὐρύθμους
565 1277 775 1342 κατακλείειν
797 1274 968 1361 περιόδων
992 1269 1155 1361 ἁρμονίας
1185 1276 1242 1340 καὶ
1271 1271 1328 1339 διὰ
1350 1280 1406 1336 τῶν

277 1383 467 1463 θεατρικῶν
489 1376 670 1467 σχημάτων
693 1379 920 1459 καλλωπίζειν
935 1375 1113 1463 τὸνλόγον
1128 1372 1187 1444 ούκ
1205 1366 1244 1464 ἦν
1258 1383 1404 1460 πανταχῇ

275 1479 441 1568 χρήσιμον
462 1482 506 1547 Μ.
553 1483 614 1548 Pro
637 1482 795 1548 adiectivo
819 1481 981 1548 ἐκλεκτῶν
1003 1502 1023 1547 a
1046 1481 1218 1566 Sylburgio
1247 1481 1282 1546 in
1306 1480 1406 1565 suspi-

277 1586 401 1651 cionem
424 1593 536 1651 vocato
559 1587 710 1652 Reiskius
734 1580 899 1652 εὐλέκτων
921 1585 1017 1651 scribi
1039 1585 1122 1657 vult:
1149 1583 1208 1650 scd
1230 1583 1353 1649 fallitur
1367 1582 1408 1646 m'r

276 1687 389 1754 doctus
416 1690 547 1754 verbum
577 1690 707 1754 minime
731 1689 890 1756 Graccum
918 1688 1085 1755 exhibens,
1133 1688 1272 1754 Verbum
1303 1685 1408 1770 genni-

277 1811 370 1872 num,
404 1790 560 1875 quidquid
588 1791 664 1872 fuit,
697 1813 717 1857 a
739 1791 869 1858 librario
892 1792 935 1858 ad
962 1791 1141 1876 proximam
1164 1811 1272 1856 vocem
1300 1788 1407 1872 ἐκλοχῐ,

193 1939 198 1951 .
277 1894 446 1960 aberrante
469 1895 503 1960 in
526 1892 687 1960 ἐκλεκτῶν
709 1903 892 1980 corruptum
915 1903 973 1960 est.
1016 1894 1193 1978 Dionysius
1214 1893 1356 1978 scripsit,
1380 1892 1406 1956 ni

278 1997 381 2076 fallor,
415 1991 578 2083 εὐφώνων
601 2023 635 2063 τε
658 1999 716 2064 καὶ
737 1999 938 2082 μαλακῶν
968 1991 1146 2081 ὀνομάτων
1168 1995 1307 2082 ἐκλογῇς
1342 1997 1405 2060 sim.

278 2123 310 2184 p.
331 2103 443 2165 toron
466 2099 502 2180 ἐξ
524 2095 725 2188 εὐφώνων
748 2105 949 2186 συγκεῖσθαι
971 2099 1179 2186 γραμμάτων
1201 2100 1258 2162 καὶ
1280 2099 1408 2180 μαλο-

278 2209 370 2284 κῶν,
412 2205 453 2270 os.
488 2225 562 2289 pag.
592 2210 648 2269 tot
682 2205 724 2271 ad
753 2228 785 2291 p.
813 2209 963 2271 torona.
1012 2224 1045 2288 p.
1071 2207 1139 2268 6611
1174 2207 1315 2286 τραχέσι
1343 2203 1408 2266 λεῖα

276 2311 440 2390 μίσγοντα
464 2309 520 2372 καὶ
543 2309 700 2396 σκληροῖς
720 2304 892 2392 μαλακὰ
913 2308 971 2373 καὶ
992 2303 1206 2393 κακοφώνοις
1228 2301 1407 2393 εύφωνα.
1456 2351 1458 2357 -

278 2409 359 2475 Ηίσσ
386 2411 490 2476 locum
521 2411 561 2477 da
584 2433 611 2478 ο.
639 2435 669 2478 v.
694 2413 770 2478 libri
792 2433 823 2497 p.
847 2417 965 2477 167nss
994 2410 1216 2494 corrigendum
1245 2417 1343 2495 puto:
1376 2407 1407 2472 cs)

277 2510 533 2599 προηγούμενον
562 2516 670 2582 κῶλον
692 2565 699 2579 .
724 2567 730 2580 .
752 2565 759 2578 .
784 2519 929 2600 μετρίως
959 2507 1113 2599 ἁρμόσας
1143 2507 1160 2578 ό
1185 2506 1268 2600 ἀνὴρ
1301 2507 1346 2590 ὡς
1374 2507 1409 2576 ἂν

278 2609 435 2702 εὔφωνόν
457 2641 491 2682 τε
515 2619 572 2683 καὶ
593 2615 742 2700 μάλιστα
765 2622 923 2704 φαίνοιτο
951 2617 1008 2681 καὶ
1033 2613 1206 2699 μαλακόν.Δ
1247 2615 1409 2682 Goellerns

278 2723 335 2782 καί
357 2726 431 2785 antc
453 2718 610 2804 μάλιστα,
642 2722 718 2805 qnia
740 2743 757 2787 ε
779 2720 890 2787 codice
913 2721 1094 2786 victoriano
1117 2720 1145 2784 R
1167 2741 1231 2785 non
1255 2729 1406 2798 enotatnr,

277 2823 366 2888 uncis
398 2823 546 2906 inclusit,
584 2825 617 2889 in
646 2825 851 2890 adnotatione
878 2822 963 2889 idam
993 2823 1058 2888 ita:
1099 2821 1232 2902 „Quidsi
1263 2825 1322 2886 καὶ
1351 2821 1409 2904 μά-

277 2927 374 2990 λιστα
400 2947 442 2992 cx
463 2926 533 2992 his:
567 2925 800 3010 arripatorio
828 2935 898 2993 orta
926 2928 1103 2993 dicamns“.
1151 2927 1269 2992 Varum
1302 2929 1405 2993 sensit.

279 3030 345 3093 Καὶ
384 3028 531 3112 μάλιστα
565 3033 641 3097 olim
678 3031 845 3114 librarius,
893 3031 951 3094 καὶ
983 3026 1137 3112 μαλακὸν
1171 3037 1331 3096 corrector
1362 3039 1408 3093 ant

279 3154 378 3218 supra
401 3154 527 3200 versum
557 3143 614 3200 ant
643 3136 675 3200 in
706 3135 850 3218 margine
879 3133 1061 3218 adscripsit.
1110 3133 1215 3217 Logas
1244 3133 1346 3217 igitur
1372 3127 1408 3207 ὡς

277 3231 319 3301 δν
341 3232 498 3322 εὐφωνόν
513 3261 548 3304 τε
570 3240 626 3302 καὶ
643 3235 797 3320 μαλακόν
820 3242 990 3324 φαίνοιτο.
1038 3237 1160 3302 Eadem
1183 3243 1233 3303 est
1247 3239 1407 3304 verborum

277 3341 454 3406 coniunctio
477 3361 559 3424 quac
583 3363 680 3426 snpra
710 3335 910 3427 εὐφώνων
936 3364 977 3404 τε
1009 3341 1077 3404 καὶ
1107 3341 1307 3422 μαλακῶν
1340 3335 1408 3404 ὀνο-

277 3439 393 3522 μάτων
417 3441 545 3528 ἐκλογῇ.

360 3620 392 3681 p.
414 3601 554 3663 10081oss
580 3593 675 3684 Ἐνῆν
696 3599 759 3680 μὲν
782 3587 842 3662 σύν
865 3596 901 3663 ἐν
923 3605 970 3682 τῶ
993 3596 1116 3682 πρώτῳ
1139 3597 1234 3681 κώλῳ
1262 3604 1308 3682 τῷ
1333 3601 1408 3676 9,Τίς

277 3698 340 3784 γάρ
369 3695 410 3767 άν
439 3696 588 3767 ἄλλοθεν
616 3699 797 3766 ε’πελθώνί(
829 3697 866 3765 τὸ
899 3702 992 3780 „lsai
1021 3698 1066 3788 μὴ
1097 3701 1408 3786 συνδιεφθαρμένος

279 3799 366 3890 ἡμῖν,
394 3799 470 3868 ἀλλ’
497 3804 658 3891 ἐξαίφνης
682 3801 823 3880 ἐπιστὰς
845 3816 916 3880 τοῖς
939 3809 1160 3889 γινομένοις“·
1187 3802 1330 3887 δυνάμει
1352 3802 1407 3888 γὰρ

277 3903 380 3995 άμφω
404 3904 519 3974 ταύτά.
554 3910 610 3972 καλ
634 3907 670 3973 ἐν
692 3916 738 3993 τῷ
770 3909 834 3986 „Oi”
858 3905 1133 3994 φιλοτιμούμεθα
1163 3908 1226 3990 μὲν
1256 3907 1312 3972 ἐπὶ
1346 3919 1409 3980 τοῖς

278 4019 343 4077 τῶν
372 4010 552 4097 προγόνων
582 4011 719 4097 όργοιςί*
751 4011 788 4077 τὸ
819 4012 915 4090 „lini
945 4009 1004 4098 τὴν
1038 4009 1140 4077 πόλιν
1174 4010 1208 4076 ἐκ
1243 4019 1308 4077 τῶν
1341 4009 1407 4076 τότε

279 4120 507 4199 πραχθέντων
530 4113 750 4199 ἐγκωμιάζειν
780 4108 978 4197 ἀξιοῦμεν“·
1027 4113 1064 4181 τὸ
1088 4113 1151 4200 γὰρ
1175 4109 1257 4181 αὐτὸ
1283 4116 1410 4202 φιλοτι-

278 4222 422 4298 μεῖσθαί
451 4242 493 4282 τε
524 4218 608 4301 [add.
634 4219 676 4288 Mt
710 4213 763 4282 ani
790 4217 952 4284 ἐπαινεῖν.
986 4219 1040 4282 καὶ
1073 4217 1109 4283 ἐν
1139 4224 1184 4302 τῷ
1214 4213 1352 4297 „oficio
1380 4215 1409 4280 (ii
