2994 4890
287 317 347 381 τεο
720 347 764 358 -
811 312 895 395 [270]
943 347 987 360 -

371 523 403 586 p.
422 503 530 566 4901ss
555 499 640 564 Τοτὲ
663 499 726 583 μέν
748 497 812 585 γάρ
835 493 905 564 ἀπὸ
929 504 990 564 τοῦ
1013 495 1102 564 ίδίου
1125 493 1269 562 ἐπαίνου
1292 487 1342 579 δέ)
1369 493 1417 556 λε’-

285 628 355 690 γων
378 598 461 670 αὐτὸ
471 605 492 688 ²)
522 600 676 690 άρχεται,
703 603 779 668 τοτὲ
802 601 839 667 δέ
863 595 932 668 ἀπὸ
963 608 1022 689 τῆς
1051 599 1212 686 διαβολῆς
1242 605 1303 664 τοῦ
1333 590 1418 664 ἀντι-

284 706 391 772 δίκου.
445 705 535 784 Quae
564 706 606 772 eit
635 706 686 772 vie
715 705 804 772 vecie
834 699 918 771 αὐτό
949 725 1020 772 eum
1050 723 1114 771 non
1142 708 1317 788 appareat,
1353 720 1417 766 eam

284 809 457 876 delendam
488 829 560 876 esee
589 829 717 876 censeo.
763 809 878 892 Neque
906 808 993 875 enim
1021 807 1220 886 coniectura,
1255 825 1339 889 quae
1362 804 1418 870 hae

283 931 363 978 voee
385 912 496 978 nititur
518 910 703 978 Marklandi
726 905 839 994 αὐτός,
864 917 897 978 et
918 931 990 978 eam
1013 909 1163 976 Reiskiue
1186 909 1320 994 reeepit,
1349 927 1418 974 een·

284 1014 404 1082 tentiae
426 1013 594 1098 flagitatae
616 1014 696 1080 satie
718 1014 808 1081 iacit.
856 1013 950 1080 Certe
979 1014 1115 1080 moleste
1142 1011 1315 1078 adderetur
1336 1031 1415 1088 eum,

284 1117 339 1200 qui
361 1118 461 1184 verba
482 1117 591 1200 faeiat,
624 1117 730 1202 ipsum
752 1116 894 1202 ineipere
917 1137 938 1182 a
959 1135 1020 1182 sua
1040 1115 1149 1182 laude.

371 1300 403 1363 p.
422 1282 529 1344 49011s
551 1280 625 1362 lego
647 1278 723 1344 τοτὲ
743 1278 779 1343 δὲ
796 1273 877 1344 ἀλλο
893 1302 926 1344 τι
940 1275 1227 1356 κατασκευάζεται
1241 1283 1308 1340 τῶν
1323 1277 1418 1341 δυνα-

285 1387 398 1464 μένων
420 1376 552 1448 αὑτὸν
578 1381 694 1466 [αυτὸν
715 1383 742 1447 F
766 1375 870 1449 αὐτὸν
891 1382 970 1466 MR]
997 1382 1060 1464 μὲν
1082 1377 1271 1468 ὠφελῆσαι,
1306 1377 1366 1444 τὸν
1386 1377 1417 1444 δὲ

285 1478 457 1551 ἀντίδικον
479 1483 674 1550 ἐλαττῶσαι.
715 1485 804 1550 Idem
820 1485 931 1550 vitium
947 1485 1041 1551 tollas
1064 1506 1095 1569 p.
1117 1487 1193 1550 6362
1216 1482 1278 1570 την
1293 1479 1418 1568 βλάβην

284 1584 345 1673 την
374 1592 557 1674 γενομένην
587 1581 699 1674 αὐτῷ
728 1586 785 1653 διὰ
807 1588 984 1674 Προξένου
1011 1585 1208 1675 δεδήλωκεν,
1241 1586 1417 1652 Dinarchus

285 1691 370 1756 enim
392 1690 434 1756 de
456 1691 574 1757 damno
598 1691 662 1776 ipsi
683 1691 776 1757 illato
798 1692 955 1774 loquitur,
988 1699 1020 1757 et
1041 1713 1073 1777 p.
1094 1693 1213 1756 89714ss
1237 1688 1360 1756 ίκεῑνοι
1383 1737 1413 1751 ..

286 1791 401 1870 πάσας
431 1793 491 1870 τὰς
522 1789 659 1878 ἀρετὰς,
698 1787 827 1859 ὁπόσαι
856 1797 1007 1879 γίνονται
1037 1795 1117 1880 περί
1142 1791 1280 1880 μορφὰς
1303 1787 1417 1876 εὐπρε-

285 1907 384 1979 πεῑς,
424 1907 499 1972 ταῖς
532 1895 888 1978 καταδεδουλωμέναις
926 1890 1083 1973 αὑτοὺς
1116 1907 1297 1982 προσεῖναι
1329 1898 1417 1976 νομί-

189 2077 200 2094 .
286 1998 392 2078 ζουσι.

372 2139 405 2204 p.
424 2121 515 2182 tatis
544 2119 638 2201 lego:
670 2115 832 2203 κράτιστα
860 2117 923 2205 γὰρ
947 2113 1029 2208 (ἀν)
1054 2114 1273 2199 ἀποδείξαιτο
1300 2117 1417 2206 ταύτην

285 2219 345 2307 την
368 2219 463 2287 ίδέαν
485 2214 503 2285 δ
526 2218 673 2304 μάλιστα
697 2228 818 2287 τοῦτον
839 2221 899 2291 τὸν
922 2217 1029 2309 ἀνδρα
1051 2220 1295 2309 μιμησάμενος.
1336 2223 1417 2287 Ean-

285 2323 358 2389 dem
381 2324 538 2390 medelam
561 2325 716 2392 adhibeas
739 2348 772 2412 p.
791 2330 868 2392 925⁶
896 2327 925 2394 εί
947 2324 1096 2412 μὲνγὰρ
1120 2325 1191 2412 ίδίρ
1212 2327 1302 2404 τινὲς
1324 2323 1416 2408 ίβλά-
1477 2333 1478 2423 η

286 2448 412 2492 πτοντο
429 2433 495 2492 τῶν
510 2428 668 2510 πολιτῶν,
695 2423 827 2512 εὐτύχει
845 2427 936 2495 δὲτὸ
955 2426 1079 2512 κοινὸν,
1105 2430 1214 2506 καλῶς
1230 2423 1311 2516 (ἂν)
1327 2419 1413 2492 ταῦτ’

286 2527 410 2613 ἔλεγεν.
457 2550 490 2614 p.
512 2535 621 2596 109911
647 2528 736 2597 πολὺ
750 2531 813 2619 γὰρ
831 2527 913 2621 (ἀν)
932 2527 949 2620 ἧ
965 2531 1122 2612 σύνταξις
1137 2528 1175 2597 τὸ
1190 2538 1297 2619 μῆκος
1310 2528 1412 2612 λάβοι.

286 2653 319 2717 p.
339 2635 445 2698 tttrss
467 2633 514 2698 ita
537 2634 736 2719 scripserim:
770 2634 803 2700 οί
832 2635 869 2701 δὲ
895 2636 1104 2722 Θουκυδίδην
1127 2635 1252 2722 ζηλοῦν
1272 2637 1415 2720 λέγοντες
1476 2643 1477 2717 t

290 2785 296 2798 .
318 2786 325 2799 .
347 2785 353 2799 .
380 2731 473 2801 πάνυ
495 2730 638 2822 εὐχεροῦς
661 2733 709 2803 ἀν
731 2731 1010 2826 εὑρίσκοιντο
1038 2733 1301 2825 [ἀνευρίσκοιντο
1322 2739 1358 2824 R]
1383 2736 1413 2802 έκ

285 2835 410 2904 τούτου
429 2845 490 2904 τοῦ
512 2840 805 2925 παραγγέλματος.

1475 2974 1476 3011 λ

373 3021 405 3086 p.
425 3003 546 3066 tetrae
561 2996 634 3068 Ἵνα
658 3003 695 3074 δέ
709 3005 845 3085 βέλτιον
860 3011 907 3089 τῷ
920 3006 1117 3089 βουλομένῳ
1132 3009 1269 3092 γένηται
1283 3010 1408 3088 μαθεῖν,

287 3103 353 3169 ε’ίτε
376 3098 490 3190 ὀρθῶς
511 3097 608 3190 ἡμεῖς
629 3113 735 3171 ταῦτα
758 3107 815 3171 καί
837 3105 1078 3194 προσηκόντως
1100 3110 1329 3190 πεπείσμεθα,
1353 3105 1411 3171 εἴτε

287 3208 344 3271 καί
366 3204 640 3293 διημαρτήκαμεν
661 3206 723 3296 τὴν
744 3214 864 3294 κρίσιν,
898 3208 960 3297 τὴν
982 3209 1135 3290 ἐξέτασιν
1165 3205 1234 3275 ἀπὸ
1266 3217 1329 3277 τῶν
1353 3203 1408 3275 ἀπ’
1474 3248 1475 3303 η

288 3307 418 3375 έκείνου
439 3315 641 3397 γραφέντων
670 3317 913 3398 ττοιοῦμαιθ)
942 3311 1248 3399 προχειρισάμενός
1269 3336 1341 3380 τινα
1360 3309 1411 3376 λό-

286 3435 363 3496 γον·
396 3407 436 3478 οά
458 3411 521 3500 γὰρ
553 3412 693 3501 ἐγχωρεῖ
721 3416 864 3492 πολλοῖς
892 3420 1044 3503 χρῆσθαι
1066 3415 1346 3503 παραδείγμασιν.
1373 3414 1411 3491 ἐξ

287 3514 460 3582 ἐκείνου
489 3513 564 3604 τήν
585 3541 622 3583 τε
644 3523 849 3606 προαίρεσιν
870 3521 927 3585 καί
949 3517 1010 3605 τὴν
1039 3517 1183 3602 δύναμιν
1211 3527 1274 3586 τοῦ
1302 3515 1409 3602 ἀνδρὸς
1473 3523 1474 3597 i

288 3617 533 3704 ἐπιδείξομενί)
561 3614 716 3709 ἀποχρῆν
738 3620 941 3705 οἰόμενος
961 3635 1089 3706 τίωχαῑς
1111 3617 1341 3699 εὐπαιδεύτοις
1359 3619 1408 3683 κοί

286 3727 439 3809 μετρίαις
461 3721 564 3810 μικρά
586 3747 621 3790 τε
644 3724 801 3810 μεγάλων
821 3727 877 3791 καὶ
893 3721 991 3810 ἀλίγα
1007 3727 1144 3792 πολλῶν
1158 3731 1319 3810 γενέσθαι
1331 3725 1408 3806 δείγ-

286 3851 378 3909 ματα
400 3827 484 3892 PM:
518 3824 706 3914 ποιήσομαι
731 3880 737 3893 .
767 3881 773 3894 .
802 3879 808 3892 .
837 3827 873 3908 ἐξ
902 3828 1032 3895 ἐκείνου
1061 3828 1098 3894 δὲ
1120 3825 1181 3916 τήν
1206 3879 1213 3893 .
1242 3881 1249 3893 .
1279 3825 1406 3908 ,οίάμε-
1472 3853 1473 3890 t

359 4120 376 4182 Ι)
396 4113 412 4169 ὁ
430 4118 494 4175 εδδ.
512 4118 646 4174 Reiskius
670 4123 682 4187 u
710 4121 728 4187 ²)
751 4121 893 4186 ουτοῦΡί,
920 4106 1059 4192 atatim
1081 4125 1093 4188 11
1121 4121 1139 4187 ³5
1163 4118 1404 4194 τοιοῡμςγμωῖΙλ
1471 4121 1472 4183 λ

286 4205 305 4268 ⁴)
327 4200 512 4274 ἐπιδείξομεν,
532 4223 568 4259 υτ
587 4221 603 4262 e
621 4213 781 4263 correctura
799 4208 845 4262 ΙΝ.
