3034 4896
739 289 954 348 ...54-

280 471 413 537 rationis
429 477 521 555 parte
536 471 674 556 ponitur,
700 491 810 538 omnes
834 491 886 540 res
909 478 975 538 tots
997 464 1115 538 natura'
1135 470 1311 540 dissimiles
1326 490 1412 550 esse,

278 573 455 640 dilucidum
478 581 539 642 est.
586 574 669 640 Nam
692 594 752 642 eae
780 574 909 660 quidem
938 593 1005 659 res,
1045 594 1128 658 quse
1155 573 1266 641 eodem
1297 594 1417 659 genere

279 677 491 760 continentur,
518 685 593 745 sunt
614 683 700 746 certe
721 677 804 746 inter
826 697 862 746 se
884 678 1017 746 similes.
1057 678 1183 746 Deinde
1201 679 1256 760 qui
1273 697 1417 762 sequun-

280 788 331 846 tur
353 801 465 848 versus
493 781 545 865 (II,
573 783 646 846 723.
665 785 694 866 t)

386 907 448 948 aon
470 907 530 969 quo
553 885 654 949 multa
670 906 789 967 parum
811 884 909 950 simili
928 885 993 949 sr'rrt
1007 885 1159 968 praedita
1169 887 1297 972 forata,

386 989 443 1052 scd
463 986 539 1072 quio
560 1011 623 1053 aon
645 989 733 1073 colpe
750 989 849 1072 paria
871 988 1011 1054 omnibus
1033 989 1137 1054 omneis
1158 997 1298 1054 coaswct

278 1091 435 1175 quomodo
451 1112 523 1158 cum
538 1091 697 1177 prioribus
711 1092 834 1158 conecti
850 1084 984 1178 possint,
1003 1111 1101 1176 aegre
1117 1093 1288 1178 perspicio.
1327 1093 1417 1160 Nam

279 1196 306 1261 si
337 1196 436 1260 multu
463 1193 549 1260 idem
578 1196 685 1262 valere
714 1201 811 1278 atque
839 1196 955 1261 mdccc
977 1218 1027 1260 res
1054 1196 1219 1280 ponimus,
1256 1196 1417 1264 habemus

278 1297 522 1383 repugnantiam
543 1297 768 1382 gravissimam
789 1297 874 1366 inter
895 1318 951 1366 eos
973 1318 1087 1365 versus
1109 1299 1359 1367 intercedentem
1383 1309 1420 1368 et

277 1403 375 1467 verba
398 1401 449 1466 ccl
468 1401 518 1466 cti
539 1410 604 1466 tota
625 1410 742 1466 natura
764 1401 931 1468 dissimrics
952 1411 1026 1468 scot
1054 1403 1137 1468 inter
1162 1425 1196 1468 se
1215 1404 1340 1488 penitae
1360 1427 1419 1469 rea

276 1527 428 1590 quaeque.
466 1503 523 1570 Sin
543 1505 678 1571 subiecti
693 1505 900 1572 mutationem
916 1507 1086 1574 statuimus
1104 1504 1347 1588 intolerabilem,
1366 1508 1419 1574 ita

276 1616 311 1674 ut
331 1607 374 1674 ad
396 1609 497 1674 multo
519 1607 718 1691 »princpes«
741 1608 949 1688 subiciamus,
973 1629 1037 1675 non
1058 1609 1165 1676 minus
1182 1610 1417 1678 sententiarum

276 1710 460 1778 consecutio
482 1710 624 1792 offendit,
659 1711 688 1776 si
710 1711 949 1795 coniungimus:
989 1731 1149 1796 quomque
1172 1733 1239 1778 rem
1261 1712 1417 1780 dissimili

275 1814 378 1899 figura
400 1812 627 1899 principiorum
649 1821 795 1881 constare
818 1834 950 1882 necesse
978 1823 1042 1898 est,
1075 1815 1150 1899 quia
1177 1817 1300 1883 nullum
1322 1815 1418 1902 prin-

159 1966 164 1976 .
275 1918 393 2003 cipium
417 1917 509 1984 alteri
531 1936 662 2001 prorsus
681 1936 742 2001 par
756 1924 816 1983 est.
856 1918 939 1983 Nam
955 1919 984 1983 si
998 1938 1063 1984 non
1077 1918 1171 2003 paria
1185 1938 1259 1986 esse
1275 1928 1417 2004 possunt

275 2019 488 2106 principiani
499 2019 618 2086 similia
630 2027 737 2085 temen
747 2020 1410 2107 possuntidqueipseLucretiusprobavit:

382 2124 432 2203 II,
459 2125 520 2186 524
544 2123 626 2187 inter
647 2145 681 2186 se
702 2122 801 2188 simili
822 2146 899 2207 quoe
922 2133 996 2188 scat
1010 2126 1160 2211 perfectu
1168 2124 1293 2209 figura,

546 2225 670 2310 iryicitu
692 2225 805 2291 cicere.

361 2330 457 2396 Porro
480 2349 592 2396 versus
614 2331 657 2410 11,
685 2331 809 2394 sss-7

430 2431 547 2497 semino
570 2455 638 2496 cum
658 2454 754 2516 porro
777 2432 902 2512 distent,
928 2434 1060 2519 differre
1082 2444 1239 2499 necessust

431 2534 686 2600 stercorarius
708 2558 841 2600 conexus
858 2538 1003 2619 pondero
1021 2537 1136 2621 plagas

429 2660 595 2702 concursus
617 2646 719 2704 motus

274 2739 444 2825 conscripti
460 2747 535 2805 sunt
549 2759 589 2806 ex
606 2740 660 2823 IV,
680 2744 754 2805 649.
772 2745 813 2806 50
830 2749 862 2809 et
877 2761 919 2808 ex
933 2741 959 2822 Ι,
980 2743 1054 2806 633.
1073 2747 1104 2808 4.
1144 2742 1285 2808 Dubium
1300 2749 1412 2810 autem

274 2849 380 2927 potest
399 2861 484 2921 esse,
509 2850 614 2909 utrum
629 2844 673 2910 ad
688 2843 820 2930 differre
836 2853 993 2908 necessust
1007 2845 1177 2910 interualla
1192 2846 1259 2910 osce
1275 2869 1412 2911 conexus

269 2947 413 3028 pondera
438 2946 554 3030 priapos
576 2969 743 3012 concursus
764 2955 865 3012 motus
894 2947 1089 3031 cogitatione
1117 2947 1339 3032 subiciendum
1367 2950 1412 3014 sit

268 3049 516 3132 primordiorum
538 3069 580 3116 an
601 3071 717 3114 rerum.
766 3048 831 3117 Sed
853 3049 921 3116 sive
944 3049 1005 3114 hec
1028 3049 1097 3115 sive
1118 3048 1199 3115 illud
1222 3051 1406 3132 statuimus,

274 3170 416 3217 summae
439 3150 646 3217 difficultates
668 3153 820 3219 oriuntur.
861 3153 909 3218 Ac
932 3150 1068 3236 primum
1083 3151 1212 3235 quidem
1229 3153 1257 3219 si
1272 3154 1410 3237 primor-

272 3253 395 3319 diorum
411 3253 609 3320 differentias
624 3253 761 3339 singulis
777 3255 873 3322 rebus
894 3253 1078 3338 perlustrari
1093 3255 1285 3321 arbitremur
1301 3293 1339 3304 -
1356 3255 1410 3321 id-

272 3376 334 3440 que
357 3377 395 3422 co
418 3356 555 3423 maxime
577 3356 828 3434 commendatur,
853 3356 938 3440 quod
965 3379 1097 3422 eonem
1122 3359 1267 3441 pondera
1289 3361 1410 3445 piaque

272 3482 438 3524 concursus
459 3469 560 3524 motus
582 3479 622 3526 ea
643 3469 728 3540 sunt,
755 3483 833 3544 quae
853 3461 943 3525 debet
955 3460 1103 3546 genitalis
1117 3460 1231 3526 iubere
1245 3464 1406 3542 mctmies,

266 3585 502 3648 perpessuros
525 3584 664 3648 quosque
683 3572 837 3647 geruntur
865 3564 899 3643 [1,
926 3565 1063 3646 632-4)
1086 3601 1138 3645 -—‚
1165 3564 1303 3649 primum
1327 3563 1408 3632 mire

271 3667 391 3733 dictum
414 3665 467 3744 sit,
490 3665 621 3733 differre
642 3666 815 3732 intervalla
836 3666 992 3733 seminum
1013 3673 1089 3747 etc,
1116 3687 1188 3734 cum
1211 3687 1251 3733 es
1265 3667 1404 3734 distent:

271 3789 386 3855 nempe
408 3789 481 3836 cum
504 3774 571 3835 tots
592 3769 718 3835 semina
740 3767 905 3850 differant,
938 3769 1086 3853 singulae
1115 3769 1272 3836 seminum
1296 3781 1407 3856 partes

270 3873 352 3938 inter
374 3870 587 3939 sedifferunt.
627 3869 752 3938 Deinde
768 3870 845 3954 quid
861 3891 899 3937 eo
914 3871 1116 3956 pronuntiato
1134 3872 1280 3954 efficitur,
1307 3893 1407 3956 quare

269 3975 429 4060 particula
445 3997 545 4059 porro
573 3973 765 4042 inducatur?
808 3973 1042 4041 Gravissimum
1070 3981 1177 4042 autem
1206 3981 1272 4058 est,
1305 3975 1403 4058 quod,

270 4077 347 4161 quid
370 4078 434 4144 siut
456 4077 549 4144 uriae
571 4077 761 4159 seminum«,
786 4077 914 4144 omuino
944 4098 1007 4144 nou
1037 4086 1182 4164 apparet.
1229 4078 1292 4144 Via
1319 4077 1406 4145 enim

269 4188 374 4265 potest
389 4181 469 4246 duos
486 4180 734 4264 significationes
749 4180 885 4246 babere:
903 4189 959 4248 aut
972 4180 1057 4248 idem
1072 4189 1122 4249 est
1136 4189 1232 4265 atque
1246 4181 1401 4258 foramen,
