3048 4898
605 334 813 396 -21..

686 565 749 648 ΙΙΙ.

570 733 631 803 De
660 733 860 815 epithetis.

390 904 418 956 1.
447 900 490 957 Ile
510 901 655 968 epithetis
674 902 826 957 nomlnum
847 903 1050 970 propriorum.

233 1034 267 1114 a)
291 1027 378 1094 Haeo
400 1027 543 1114 epitheta
564 1029 727 1093 nominum
745 1029 946 1112 propriorum
966 1034 998 1093 ot
1016 1029 1103 1112 apud
1121 1029 1292 1093 Homerum

123 1137 183 1200 vel
226 1135 399 1201 Hesiodum
437 1141 468 1201 et
501 1135 585 1218 apud
617 1133 831 1219 Theognidem
865 1135 984 1200 eisdem
1016 1137 1158 1219 personis
1190 1133 1292 1199 tribu·

122 1249 242 1308 untur
252 1245 293 1328 ¹):

180 1371 212 1414 v.
242 1353 256 1414 1
285 1335 313 1412 oi
333 1342 398 1414 ἄνα
418 1347 530 1434 Apollo
550 1350 725 1414 invocatur:
749 1347 779 1412 h.
800 1350 856 1432 Ap.
876 1349 966 1432 l‘ytlr.
993 1353 1004 1412 1
1028 1354 1060 1413 et
1078 1349 1165 1412 348:
1200 1347 1292 1430 Apud

305 1457 477 1522 Homerum
503 1476 627 1539 queque
652 1454 766 1538 Apollo
794 1455 975 1539 saepissime
999 1447 1084 1536 ἄναξ
1106 1453 1293 1539 appellatur.

306 1602 348 1612 —
373 1565 503 1648 Λητοῦς
527 1558 590 1626 υἱέι
617 1561 671 1627 ofr.
695 1563 724 1626 h.
749 1562 807 1646 Ap.
832 1562 899 1628 Del.
923 1563 945 1626 4
969 1564 1100 1648 Λητοῦς
1123 1561 1294 1647 ἐρικυδέος

307 1665 379 1747 υἱός
409 1670 442 1734 in
473 1675 614 1734 extremo
638 1669 834 1744 hexametro,
863 1677 896 1734 et
920 1669 955 1733 Il.
983 1673 1010 1746 1,
1033 1671 1053 1734 9
1078 1671 1209 1754 Λητοῦς
1238 1669 1294 1732 καὶ

306 1768 382 1854 Διὸς
401 1771 474 1854 υἱός
491 1777 525 1841 in
544 1776 635 1841 initio
654 1797 771 1841 versus.
792 1815 832 1824 -
853 1767 929 1853 Διὸς
948 1775 1057 1852 τέκοςι
1082 1775 1117 1839 11.
1134 1776 1185 1850 21,
1206 1775 1294 1839 2293

181 1907 214 1948 v.
238 1885 261 1948 ὁ
285 1893 318 1948 et
342 1883 405 1947 773
441 1885 541 1962 Φοῖβε
575 1879 674 1963 ἄνοιξε
711 1884 742 1947 h.
776 1883 834 1966 Ap.
868 1882 959 1966 Pyth.
993 1883 1057 1946 ta*
1091 1921 1133 1928 —
1169 1876 1294 1945 τιότνιο

307 1983 424 2076 Aproi:
452 1983 486 2053 h.
510 1989 566 2074 Ap.
591 1989 658 2054 Del.
685 1990 747 2054 12*

153 2121 187 2162 v.
220 2101 260 2162 ll
289 2093 435 2180 θέριιτερ
459 2087 535 2173 Διὸς
558 2096 696 2162 Artemis
721 2099 897 2162 invocatum
920 2096 978 2161 Od.
1003 2095 1054 2169 20,
1078 2093 1142 2158 61*

151 2227 186 2269 v.
222 2203 262 2268 15
286 2211 406 2287 κοῦραι
425 2197 502 2278 Διός
525 2202 633 2268 Musae
657 2210 689 2268 et
707 2203 853 2302 Charites
877 2200 1111 2286 invoearrtur32)
1135 2200 1175 2264 de
1194 2199 1296 2264 Musis

307 2309 417 2374 eadem
451 2308 603 2374 voeabula
634 2309 782 2375 adhibuit
814 2309 970 2375 Homerus
998 2308 1033 2372 11.
1062 2309 1093 2384 2,
1121 2307 1222 2382 598;’
1256 2307 1295 2371 de

308 2414 491 2480 Charitibus
524 2415 651 2500 Sappho
684 2417 741 2481 65:
780 2411 924 2500 Χάριτες
948 2467 954 2480 .
981 2467 987 2479 .
1013 2467 1019 2479 .
1046 2467 1052 2478 .
1078 2405 1154 2490 Διὸς
1186 2408 1293 2497 κόροι.

309 2522 419 2588 Musae
442 2529 475 2588 et
493 2523 639 2589 Charites
662 2525 856 2599 eoniunotae,
879 2529 915 2586 ut
934 2529 1043 2588 nostro
1062 2523 1140 2596 loeo,
1158 2520 1296 2603 primum

309 2631 511 2694 nominantur
534 2629 564 2694 h.
589 2630 641 2706 27,
667 2629 707 2694 15
731 2627 899 2694 Μουσέων
922 2630 979 2693 καὶ
1004 2628 1184 2713 Χαρίτων*

126 2761 159 2801 v.
192 2737 265 2800 285
289 2728 394 2820 Ζῆν’.
420 2787 427 2798 .
453 2787 459 2799 .
485 2788 491 2800 .
520 2739 660 2822 βασιλῆα
687 2735 843 2820 μέγιστον
872 2743 904 2800 et
932 2759 959 2798 v.
988 2735 1072 2800 1120
1100 2723 1183 2810 Ζεὺς
1210 2725 1295 2796 ἀθο-

309 2836 422 2906 νάτων
453 2837 616 2922 βασιλεύς.
672 2842 826 2907 Memeria
856 2842 940 2906 haud
975 2841 1139 2923 indiguum
1172 2839 1297 2902 videtur

310 2969 387 3024 esse,
417 2950 502 3031 quod
530 2944 615 3026 Ζεύς
647 2950 827 3014 nominatur
858 2941 1011 3028 βασιλεύς
1044 2949 1179 3029 primum
1212 2945 1297 3028 apud
1332 3023 1336 3032 Ι

311 3053 480 3120 Hesiodum
514 3057 592 3142 (erg.
621 3057 721 3135 668);,
748 3047 768 3141 ἢ
801 3045 883 3131 Ζεὺς
915 3046 1102 3118 ἀθανάτων
1133 3045 1297 3131 βασιλεύς,

311 3183 464 3244 nusquam
486 3163 571 3245 apud
591 3162 771 3238 Homerum,
795 3162 879 3226 idem
897 3159 1049 3244 μέγιστος
1068 3159 1193 3242 saepius
1212 3157 1296 3240 apud

311 3265 481 3332 Homerum
505 3268 555 3352 (ll.
581 3269 611 3343 2,
632 3268 707 3332 412.
731 3269 761 3344 3,
785 3267 858 3332 276.
882 3267 956 3331 298.
980 3265 1046 3330 320
1069 3265 1142 3341 ete.)

129 3399 162 3438 v.
196 3373 268 3436 702
290 3368 446 3454 Σισύφου
470 3373 649 3438 Alolld'eor:
682 3375 708 3438 H
742 3376 772 3450 6,
800 3375 859 3436 154
884 3374 1036 3453 Σίσυφος
1059 3370 1225 3456 Aloritae.

128 3503 164 3544 v.
198 3479 268 3544 714
291 3475 460 3563 Νέστορος
483 3471 659 3544 α’ντιθέουι
682 3481 739 3546 οι1.
763 3482 813 3555 11,
831 3481 896 3542 312
921 3477 1060 3562 Νέστωρ
1081 3470 1109 3542 τ’
1129 3469 1295 3550 ἀντίθεος.

84 3635 101 3658 .
131 3611 163 3652 v.
197 3585 267 3648 757
292 3574 403 3666 (Ζεὺς)
530 3585 640 3670 αἰθέρι
665 3588 786 3651 aalma:
811 3586 845 3649 ll.
869 3587 900 3661 4,
926 3587 1010 3649 106.’
1053 3585 1110 3650 Od.
1137 3587 1186 3658 le,
1209 3582 1297 3645 523?

313 3690 349 3755 Il.
373 3693 402 3766 2,
425 3693 498 3754 412.
545 3691 617 3757 Hes.
641 3715 703 3776 erg.
731 3695 779 3758 18.

131 3823 165 3865 v.
197 3799 269 3862 soa
294 3787 376 3872 Ζεὺς
398 3797 577 3883 navarrae:
601 3799 636 3863 u.
665 3801 714 3875 ιι,
738 3799 823 3862 asar
870 3799 943 3862 uos.
968 3819 1030 3880 erg.
1059 3798 1141 3860 raa·

132 3929 164 3970 v.
195 3905 265 3968 351
292 3909 325 3968 et
348 3905 409 3968 341
436 3895 589 3988 Ὀλύμπιε
614 3907 653 3970 do
677 3906 761 3970 love:
786 3905 820 3969 Il.
849 3906 875 3980 1,
899 3905 986 3968 aua*

133 4032 367 4044 --—-.——-·—.-

241 4101 263 4160 ¹)
291 4099 431 4154 Asterisco
450 4099 542 4153 notavi
562 4115 595 4154 ee
615 4099 755 4164 vocabule,
781 4116 851 4168 quse
870 4109 899 4154 et
918 4100 990 4168 apud
1011 4099 1158 4154 Homerum
1179 4095 1222 4150 vel
1242 4096 1298 4149 He·

131 4189 257 4246 niodum
278 4193 308 4241 et
326 4189 399 4256 apud
418 4187 604 4258 Theognidem
625 4189 721 4243 eedem
742 4205 836 4244 versus
855 4189 920 4243 sede
940 4187 1076 4256 leguntur.

239 4276 263 4327 ἰ
283 4275 332 4329 eir.
353 4276 387 4330 etl
407 4277 477 4332 huuc
496 4277 584 4332 lecum
605 4277 723 4342 Bellero,
744 4277 813 4332 uber
831 4276 876 4331 die
896 4277 1051 4344 terebrung
1069 4275 1119 4329 der
1133 4275 1231 4328 Museu
1254 4272 1298 4326 bei

131 4375 197 4429 den
219 4365 367 4422 Grieehen
385 4382 411 4436 p.
430 4369 464 4420 30
484 4373 512 4421 et
532 4367 574 4423 35.
