3010 4896
270 293 312 358 34
485 291 490 299 ’
705 331 747 340 -
793 291 890 376 [130]
937 329 978 340 -

269 510 340 554 cum
372 488 476 572 specie
508 489 704 570 speraverint
735 486 816 565 fore,
852 493 889 552 ut
924 487 985 572 ipsi
1022 487 1186 572 aequiores
1217 485 1414 551 condiciones

269 617 363 678 quam
396 595 607 661 Theramenes
639 596 861 679 impetrarent,
897 617 991 679 quem
1022 593 1146 659 lenibus
1177 591 1414 658 condicionibus

269 702 476 786 impetrandis
508 725 548 767 ns
580 723 708 786 operam
740 703 869 786 quidem
901 704 1049 767 daturum
1082 723 1150 767 esse
1182 701 1414 766 existimabant

269 812 339 889 Qua
361 812 401 874 dc
424 831 519 875 causa
545 812 730 876 restiterunt
752 808 982 894 prohibereque
1009 810 1213 887 studuerunt,
1243 831 1283 874 ne
1310 809 1414 873 denuo

269 917 457 983 mitteretur.
508 917 626 983 Tamen
657 924 749 983 tanta
780 917 953 982 auctoritas
985 922 1055 982 erat
1086 915 1303 992 Theramenis,
1334 917 1414 980 adeo
1499 959 1500 966 ,

268 1024 332 1088 iam
354 1029 421 1088 tum
440 1024 588 1090 valebant
611 1026 788 1109 optimates,
811 1029 902 1089 tanta
920 1030 988 1090 erat
1011 1023 1114 1108 plebis
1133 1023 1296 1089 calamitas
1317 1029 1415 1104 atque

268 1129 407 1212 ignavia,
433 1137 470 1195 ut
498 1153 560 1196 non
588 1131 777 1214 perficerent
804 1133 852 1198 illi
880 1153 961 1214 quae
985 1131 1109 1198 vellent.
1156 1131 1222 1196 lam
1246 1133 1415 1213 optimates
1499 1139 1500 1182 f

268 1260 338 1302 curn
362 1259 425 1302 non
453 1238 649 1320 ignorarent,
671 1239 877 1322 pertinaciam
905 1239 1043 1304 virorum
1066 1238 1192 1303 illorum
1215 1238 1415 1324 popularium

269 1365 423 1408 summum
453 1346 553 1428 pacis,
585 1367 680 1428 quam
711 1345 937 1422 moliebantur,
970 1345 1166 1411 obstaculum
1199 1346 1279 1422 fore,
1310 1344 1416 1428 prius-

269 1472 363 1536 quam
394 1472 457 1535 pax
488 1450 592 1530 fieret,
624 1475 677 1519 eos
709 1474 727 1518 e
756 1454 860 1519 medio
888 1474 955 1520 esse
987 1453 1143 1518 tollendos
1174 1454 1416 1529 constituerunt,
1499 1537 1500 1542 ἵ

268 1560 455 1642 praesertim
478 1567 606 1626 auctore
629 1561 834 1639 Theramene,
857 1563 945 1626 cuins
969 1562 1059 1638 socii,
1082 1560 1156 1625 dum
1180 1562 1247 1643 ipse
1266 1558 1415 1642 Spartam
1499 1591 1500 1606 2

267 1665 488 1749 proficiscitur,
521 1670 644 1734 callidis
677 1674 709 1733 ct
740 1668 944 1733 clandestinis
976 1668 1100 1732 insidiis
1133 1669 1262 1732 structis
1292 1687 1417 1732 summa
1499 1693 1500 1704 ³

267 1774 424 1839 industria
456 1775 489 1839 id
520 1775 671 1858 agebant,
702 1783 738 1840 nt
766 1776 825 1840 viri
852 1775 1021 1859 populares
1050 1776 1081 1840 in
1110 1796 1267 1840 carcerem
1291 1776 1416 1840 conice-
1499 1817 1500 1870 3

159 1961 162 1966 y
266 1886 384 1947 rentur.
434 1882 622 1948 Therameni
654 1885 753 1967 igitur
784 1905 855 1948 cum
886 1905 925 1948 ex
958 1883 1059 1948 altera
1086 1882 1244 1966 legatione
1271 1881 1416 1945 Athenas
1499 1871 1500 1952 i

268 1991 399 2066 rediret,
426 1992 486 2054 riri
508 1991 676 2073 populares
700 2011 739 2055 ne
763 1991 989 2073 impedimento
1013 1995 1126 2066 essent,
1153 1988 1327 2074 periculum
1352 2011 1417 2052 non

267 2104 348 2161 erate
375 2105 411 2162 ut
439 2098 502 2162 iam
529 2100 653 2163 nemine
677 2098 878 2162 vehementer
905 2098 1072 2164 resistente
1099 2097 1185 2181 pacis
1213 2096 1416 2162 condiciones

267 2206 492 2287 acciperentur.
547 2205 613 2270 Nec
644 2206 759 2268 mirum
790 2206 875 2287 quod
906 2204 1018 2289 Lysias
1045 2205 1271 2270 Theramenem
1302 2203 1416 2286 ipsurn,
1499 2189 1500 2274 f

268 2332 359 2394 quem
388 2311 437 2376 bis
465 2311 599 2378 Athenis
626 2312 743 2377 abrisse
770 2333 833 2376 non
860 2311 1016 2388 meminit,
1048 2311 1179 2376 insidias
1207 2310 1270 2375 illis
1302 2309 1417 2374 fecisse
1459 2343 1463 2352 ·
1499 2303 1500 2344 ³

267 2417 377 2495 refert,
401 2440 479 2500 quas
502 2420 589 2483 iussu
616 2417 820 2485 Theramenis
843 2419 884 2484 ab
908 2417 1114 2502 optimatibus
1142 2419 1233 2483 sociis
1257 2415 1325 2482 eius
1349 2417 1416 2482 fac-
1499 2397 1500 2480 l

268 2531 318 2590 tas
341 2527 458 2590 rectius
482 2525 623 2592 dixisset.

356 2632 475 2710 Quodsi
496 2653 548 2698 res
570 2635 618 2698 ita
641 2655 674 2700 se
696 2632 844 2699 habuisse
866 2632 1021 2716 ponimus,
1045 2639 1077 2698 et
1099 2632 1340 2716 Xenophontem
1363 2654 1415 2698 rc-

266 2740 377 2822 ligiosc
405 2741 566 2823 sequimur
594 2746 627 2804 et
653 2739 780 2824 Lysiam
811 2739 980 2829 liberamus
1008 2740 1101 2824 culpa
1128 2760 1178 2804 res
1205 2761 1243 2804 ac
1270 2745 1416 2823 tempora

267 2847 409 2912 consulto
436 2847 658 2930 perturbandi;
686 2847 740 2931 qui
768 2869 839 2913 cum
865 2847 898 2911 in
926 2870 989 2913 una
1020 2869 1054 2912 re
1082 2847 1249 2924 erraverit,
1282 2869 1320 2912 cx
1351 2847 1416 2911 hoc

267 2975 374 3020 errore
396 2963 503 3020 cetera
525 2976 606 3038 quae
629 2953 753 3039 profert
775 2956 953 3020 necessario
977 2954 1122 3020 derivata
1143 2961 1225 3020 sunt.

817 3295 856 3378 V.

356 3489 498 3556 Alteram
521 3489 733 3556 differentiam
760 3491 800 3557 de
827 3495 983 3574 tempore,
1010 3513 1072 3574 quo
1096 3490 1207 3558 Samus
1230 3491 1334 3558 insula
1355 3489 1413 3557 ob-

267 3617 354 3662 sessa
376 3596 426 3673 sit,
454 3597 537 3662 inter
560 3597 685 3680 Lysiam
708 3605 740 3664 et
763 3599 1005 3683 Xenophontem
1028 3601 1319 3664 exstarevidimus.
1366 3601 1413 3665 Ac

204 3791 205 3796 ἵ
267 3704 446 3787 Xenophon
476 3705 603 3788 quidem
635 3706 833 3789 Lysandrum
864 3713 937 3790 post
967 3708 1101 3790 triginta
1131 3708 1216 3773 viros
1248 3708 1413 3773 institutos

266 3810 394 3876 Samum
426 3810 602 3894 profectum
635 3833 702 3878 esse
733 3818 844 3878 narrat
877 3813 930 3900 (H.
955 3813 990 3880 G.
1014 3812 1059 3892 11,
1083 3814 1112 3890 3,
1136 3815 1180 3902 3).
1235 3813 1346 3898 Lysias
1378 3816 1412 3879 in

265 3919 408 3983 oratione
431 3925 543 3985 contra
567 3921 811 3986 Eratosthenem
837 3920 950 3985 habita
973 3919 1063 4008 (XII,
1088 3921 1144 4008 71)
1168 3921 1266 3986 refert
1293 3922 1412 3988 Thera-

265 4188 360 4256 γειλεν
376 4181 407 4240 ἐν
421 4181 558 4261 ἐκκλησίᾳ
578 4174 621 4242 fe
636 4180 723 4243 αὐτὸν
732 4181 898 4261 Λύσανδρος
916 4184 988 4254 τέως
1005 4186 1060 4257 μὲν
1074 4185 1197 4260 κατέχοι,
1218 4179 1279 4244 εἶτα
1298 4185 1408 4245 κελεύοι

266 4271 306 4338 εἰς
324 4276 526 4343 Λακεδαίμονα
544 4271 624 4331 livua.
662 4279 776 4364 Prorsus
795 4279 898 4334 similia
916 4285 1011 4334 narrat
1029 4279 1127 4350 Lysias
1138 4280 1213 4344 Xlll,
1224 4280 1267 4333 11.
1290 4279 1326 4334 cf.
1337 4281 1408 4336 Ran-

264 4379 323 4418 ner.
342 4382 369 4433 p.
389 4367 413 4419 8.
