3010 4896
545 322 587 330 -
636 283 732 366 [103]
780 321 820 330 -
1239 286 1257 350 ι

120 475 201 551 bant,
224 497 286 559 quo
309 477 370 558 ipsi
393 475 525 540 consilia
547 497 605 540 sua
626 475 815 559 perficerent
837 499 966 561 remque
988 479 1146 561 publicam
1170 499 1258 543 ever·

120 587 231 658 terent,
258 587 304 658 et,
331 603 401 646 cum
427 581 500 646 illos
528 581 582 666 qni
609 582 720 665 populi
747 605 872 650 causam
900 591 1043 666 agerent,
1074 585 1259 667 praesertim

120 693 270 769 strategos
299 693 331 751 ct
357 685 550 763 taxiarches,
578 687 639 752 sibi
662 691 800 753 maximo
827 691 1051 772 impedimento
1075 690 1143 754 fure
1166 689 1259 753 intel-

121 793 268 875 legerent,
300 795 385 856 omni
416 793 510 857 modo
539 814 592 858 eos
623 794 756 876 perdere
785 797 888 860 conati
917 801 999 860 sunt.
1050 795 1160 877 ltaque
1190 816 1259 859 eum

122 899 217 980 prima
235 899 274 962 de
296 919 375 981 pace
395 899 500 963 contio
518 899 690 964 haberetur
712 900 872 984 legatique
890 901 1125 966 Lacedaemone
1144 901 1260 966 reversi

123 1004 313 1080 nuntiarent,
336 1025 374 1068 ea
401 1003 585 1069 condicione
607 1005 872 1071 Lacedaemonios
896 1029 1004 1090 pacem
1033 1007 1260 1088 composituros

124 1131 193 1186 esse,
214 1115 251 1173 ut
273 1111 355 1174 muri
378 1109 465 1193 longi
488 1117 620 1194 excepta
640 1113 771 1175 minima
794 1121 886 1194 parte
909 1114 1110 1177 diruerentur
1120 1116 1155 1196 ¹),
1178 1111 1260 1175 The·

123 1237 258 1280 ramenes
286 1217 423 1280 surrexit
450 1221 496 1292 et,
527 1217 554 1281 si
586 1237 643 1282 suo
670 1217 812 1283 arbitrio'
833 1219 937 1282 omnia
964 1219 1196 1302 permitterent,
1227 1237 1261 1280 se

123 1323 329 1403 perfecturum
352 1343 419 1388 esse
442 1321 602 1406 pollicitus
621 1331 678 1399 est,
701 1330 738 1387 ut
760 1345 862 1406 neque
882 1325 963 1388 muri
983 1324 1184 1388 diruerentur
1206 1345 1261 1386 ne-

124 1449 178 1508 que
199 1429 285 1493 aliud
308 1429 386 1511 qnid
413 1429 540 1512 gravius
567 1435 752 1512 paterentur
775 1428 991 1494 Athenienses.
1038 1427 1126 1492 Idem
1154 1435 1260 1493 tamen

125 1533 273 1598 arbitratu
297 1554 354 1598 suo
378 1535 417 1598 de
439 1557 518 1617 pace
541 1556 634 1619 agere
658 1537 759 1600 iussus
783 1557 851 1600 curn
871 1535 1136 1599 Lacedaemonem
1160 1535 1260 1599 venis-

126 1643 181 1715 set,
210 1639 255 1702 ihi
288 1639 344 1702 diu
372 1631 496 1724 (πολὺν
522 1636 663 1726 χρόνον)
696 1649 906 1706 commoratus
938 1647 987 1706 est
1018 1662 1079 1704 uon
1113 1640 1262 1724 ignorans

128 1744 326 1809 Athenienses
345 1747 487 1829 quamvis
506 1746 747 1829 ignominiosam
766 1769 874 1829 pacem
894 1752 1078 1829 accepturos
1096 1767 1174 1822 esso,
1192 1767 1262 1810 curn
1301 1807 1305 1814 .

128 1849 201 1914 fame
214 1857 354 1915 extrema
372 1859 597 1934 premerentur.
626 1851 752 1916 Interea
766 1851 900 1916 Athenis
915 1851 1076 1936 Cleophon
1094 1851 1188 1916 homo
1207 1872 1262 1934 po-

128 1957 236 2038 pularis
254 1961 366 2040 captus
381 1962 429 2021 est
447 1965 480 2021 et
497 1959 704 2040 interemptus
719 1957 900 2023 auctoribus
915 1958 969 2033 eis,
983 1959 1037 2041 qui
1057 1979 1161 2022 rerum
1176 1977 1262 2021 ever-

129 2063 283 2126 tendarum
302 2064 409 2146 cupidi
433 2069 532 2128 erant.
569 2063 757 2127 Therameni
780 2063 898 2139 reduci,
917 2085 988 2128 cum
1007 2073 1060 2128 ea's
1083 2065 1170 2146 pacis
1189 2083 1262 2126 con-

129 2167 256 2232 diciones
270 2167 414 2245 referret,
428 2168 542 2252 quihus
556 2174 668 2252 postea
677 2169 821 2232 Athenae
836 2169 970 2233 maxime
981 2168 1165 2233 debilitatae
1180 2173 1262 2245 sunt,

130 2273 241 2338 obviam
256 2280 409 2339 venerunt
423 2275 565 2340 nonnulli
579 2275 710 2358 strategi
726 2279 758 2338 et
771 2275 937 2350 taxiarchi,
951 2274 1035 2338 inter
1050 2295 1128 2356 quos
1143 2272 1263 2338 Strum-

130 2379 259 2444 bichides
288 2386 321 2443 et
348 2380 597 2463 Dionysodorus,
625 2381 717 2462 pauci
745 2381 840 2443 etiarn
868 2380 923 2443 alii
952 2381 1047 2455 cives,
1075 2380 1128 2462 qui
1157 2399 1263 2441 omnes

131 2487 255 2550 maxima
273 2487 322 2550 ira
340 2487 459 2550 incensi
478 2486 574 2550 talem
597 2507 706 2568 pacem
724 2486 866 2566 accipere
885 2485 1044 2560 nolebant,
1062 2504 1125 2566 qua
1143 2483 1210 2547 fore
1228 2489 1264 2546 ut

132 2592 294 2674 respublica
317 2592 419 2657 libera
445 2598 648 2667 everteretur,
675 2612 737 2654 non
762 2590 958 2666 nesciebant3
987 2595 1098 2654 contra
1120 2609 1153 2652 sc
1181 2589 1264 2671 ipsos

131 2697 313 2778 perfecturos
336 2719 404 2762 esse
427 2698 606 2780 sperabant,
628 2703 665 2760 ut
686 2696 926 2760 Lacedaemonii
950 2697 1132 2778 aequiorem
1155 2715 1262 2777 pacem

133 2810 339 2886 proponerent.
390 2803 432 2866 Et
460 2825 535 2868 sane
561 2842 600 2850 -
624 2802 716 2867 addit
743 2801 853 2884 Lysias
882 2839 923 2848 -
952 2801 1172 2883 perfecissent,
1204 2799 1263 2862 nisi

134 2908 258 2990 Agorato
272 2913 401 2974 auctore
415 2913 510 2972 antea
524 2909 714 2973 interissent.
746 2907 858 2990 Itaque
877 2927 929 2970 eos
943 2905 1154 2970 Theramenes
1173 2905 1264 2968 socii-

133 3035 185 3097 que
210 3036 277 3080 cum
305 3015 449 3079 viderent
475 3013 536 3078 sibi
565 3014 715 3077 maximas
739 3011 942 3076 difficultates
965 3011 1165 3094 praebituros
1189 3031 1264 3084 esse,

133 3121 337 3203 priusquam
361 3121 404 3185 de
428 3141 518 3202 pace
542 3125 733 3202 ageretur,
761 3138 778 3182 e
802 3118 905 3182 medio
929 3117 1040 3182 tollere
1063 3115 1167 3181 eonati
1192 3122 1266 3180 suut

133 3226 162 3306 (ξ
179 3227 305 3312 5-17).
343 3225 411 3289 lam
430 3225 586 3307 quomodo
610 3239 689 3306 quae
710 3223 858 3288 volebant
874 3221 1064 3305 perfecerint
1087 3241 1145 3302 per
1163 3219 1264 3284 Theo-

135 3333 234 3396 critum
257 3339 289 3397 et
309 3333 493 3416 Aguratum,
517 3330 623 3394 multis
647 3327 752 3394 verbis
776 3329 904 3410 exponit
923 3327 1032 3410 Lysias
1056 3327 1090 3410 (ξ
1112 3325 1265 3404 18-31).

136 3435 289 3519 Poshpnam
317 3444 423 3502 autern
451 3436 546 3500 duces
575 3436 620 3499 illi
648 3441 680 3500 et
707 3435 767 3498 viri
794 3434 963 3517 populares
990 3431 1135 3497 contione
1159 3429 1265 3494 Muni-

137 3542 213 3607 chiae
238 3543 348 3608 habita
370 3543 508 3607 accusati
537 3546 610 3605 sunt
637 3545 669 3604 et
696 3541 729 3603 in
753 3559 908 3604 carcerem
932 3537 1079 3612 coniecti,
1107 3543 1174 3600 tum
1197 3537 1266 3619 qui-

137 3647 197 3712 dem
213 3649 372 3731 Lysander
395 3649 428 3711 in
452 3655 579 3730 portum
601 3646 743 3711 invectus
766 3652 815 3709 est
838 3651 870 3708 et
892 3663 987 3708 naves
1010 3641 1266 3706 Lacedaemoniis

138 3755 258 3819 traditae
281 3759 313 3818 et
336 3753 471 3835 triginta
492 3752 552 3816 viri
575 3751 723 3826 instituti,
746 3772 766 3814 a
789 3749 902 3832 quibus
925 3755 1034 3832 postea
1058 3747 1104 3810 illi
1128 3746 1187 3809 riri
1210 3767 1266 3828 po-

138 3859 248 3938 pulares
269 3860 425 3942 supplicio
448 3857 552 3923 affecti
576 3864 651 3921 sunt
674 3857 709 3940 (ξ
732 3855 873 3920 32-34.
896 3854 963 3940 43).

142 4027 333 4037 -·-—....——

218 4123 235 4188 ¹)
253 4120 278 4176 εἰ
294 4121 494 4194 κατασκαφεΙη
514 4123 691 4188 τῶν,τειχῶν
710 4121 768 4172 τῶν
785 4081 905 4187 μακρῶκ
923 4112 970 4170 ἐπὶ
994 4113 1064 4169 δέκα
1083 4108 1183 4168 στάδια
1203 4107 1267 4166 ἑκα-

145 4201 214 4274 sipon
235 4215 256 4274 tt
274 4213 308 4274 8).
350 4209 384 4264 cf.
410 4209 479 4263 Xen.
498 4209 533 4262 Η.
553 4207 585 4261 G.
605 4208 645 4268 11,
664 4208 694 4272 2,
715 4207 748 4261 15
776 4201 992 4276 προύκαλοῦντο
1016 4201 1045 4256 δὲ
1070 4204 1127 4256 τῶν
1149 4203 1269 4270 μακρῶν

147 4299 231 4364 ιαχῶν
248 4293 293 4351 ἐπὶ
311 4295 382 4352 δέκα
400 4297 532 4364 σταδίους
550 4296 688 4349 καθελεῖν
707 4289 853 4364 ἑκατέρου.
