2982 4884
538 363 582 374 -
629 327 712 410 pse}
759 363 803 374 -
1175 332 1235 394 τοι

101 513 160 577 καί
183 506 365 601 ἡδλήθεια
380 517 489 601 φέρει.
537 513 720 599 Sequuntur
741 515 1012 583 haeevers.1ess:
1039 515 1097 582 ἐπὶ
1113 517 1150 583 δέ
1173 523 1238 585 τῶν

96 609 226 681 Ἰσαίου
248 614 461 704 διηγημάτων
481 611 681 685 τούναντίον
706 612 749 685 ἂν
771 623 903 684 παθεῖν
924 619 1029 706 μηδὲν
1049 612 1240 704 ὑπολαβεῖν

101 713 282 806 αὐτοφυῶς
304 722 361 786 καί
382 715 674 808 ἀπραγματεύτως
695 721 858 807 λέγεσθαι
883 773 918 787 ..
940 773 947 786 .
973 725 1030 789 καί
1052 731 1098 810 τῷ
1115 725 1179 808 μέν
1197 719 1240 794 ἂν

99 823 158 887 καί
173 821 216 887 τὰ
233 824 340 912 ψευδῆ
357 826 489 910 λέχοντι
503 821 717 892 πιστεύσειεν
739 821 790 907 δ’ν,
818 832 865 912 τῷ
879 825 916 891 δὲ
931 821 1012 914 μηδ’
1027 822 1070 893 ἂν
1085 822 1236 915 ἀληθεύῃ

98 927 204 1012 χωρὶς
232 920 390 1012 ὑποψίας
430 929 620 1014 προσέξειν.
674 929 826 996 Reiekius
866 949 976 996 omnes
1015 929 1189 999 infinitivus
1218 951 1236 1000 e

98 1032 199 1096 verbe
223 1030 339 1114 σἰὀμαι
361 1053 393 1118 p.
412 1035 502 1097 61511
525 1033 703 1118 pendentes
732 1032 809 1098 iuuit
837 1053 875 1099 εε
906 1040 1073 1119 praeterea
1099 1035 1238 1104 πιστεύ-

99 1155 192 1200 σειεν
212 1135 248 1200 in
270 1133 466 1202 πιστεύσειν
487 1143 598 1202 mutet.
645 1137 824 1220 Utrumque
845 1157 943 1221 quum
966 1139 1105 1206 maxime
1128 1149 1238 1210 eentm

98 1239 257 1305 renonem
286 1241 528 1323 grammatieem
550 1239 620 1306 tieri
643 1239 696 1305 vix
727 1241 882 1325 estquod
906 1261 1063 1308 moneam.
1112 1245 1238 1312 Medela

96 1340 174 1406 huie
196 1341 267 1407 loeo
290 1343 456 1409 efferenda
484 1343 579 1427 lenge
600 1343 748 1426 aliaest,
783 1343 816 1408 ui
842 1343 950 1410 fuller.
997 1345 1102 1414 Unum
1124 1348 1236 1416 vitium

97 1443 293 1529 Sylburgius
322 1445 462 1526 sustulit,
495 1465 567 1514 eum
597 1465 656 1532 pru
683 1447 864 1531 προσέξειν
887 1449 1040 1516 scriberet
1062 1453 1233 1536 προσέξει.

96 1548 274 1614 Praeterea
287 1569 345 1635 pro
367 1543 410 1614 ἂν
432 1554 563 1616 παθεῖν
584 1551 677 1634 leges
702 1545 750 1615 διν
771 1546 929 1633 πάθοι,
956 1552 1081 1618 collutis
1096 1573 1129 1638 p.
1144 1557 1236 1622 615ιε

97 1645 201 1718 οὐδὲν
224 1646 266 1718 ἂν
287 1646 467 1736 ὑπολάβοι,
495 1657 571 1720 616ε
595 1651 809 1721 πιστεύσειεν
831 1649 884 1722 δν.

186 1775 360 1858 p.62411ss
386 1767 502 1840 Οὐδὲν
532 1773 568 1839 δὲ
591 1771 712 1840 κωλύει
741 1775 798 1840 καλ
826 1773 1068 1862 κεφαλαιωδῶς
1096 1777 1238 1863 περιλα-

96 1873 207 1958 βόντα
229 1869 277 1941 δι’
303 1873 479 1964 ἐλαχίστης
503 1874 677 1964 δηλώσεως
708 1875 749 1942 τὰ
773 1875 995 1966 φανερώτατα
1026 1877 1153 1944 εἰπεῖν·
1185 1874 1238 1946 ὅτι

97 2003 160 2061 μοι
183 1978 275 2044 δοκεῖ
289 1983 426 2056 Λυσίας
448 1979 511 2061 μὲν
533 1979 594 2066 τὴν
612 1973 779 2066 ἀλήθειαν
800 1978 932 2047 διώκειν
953 1981 1091 2065 μᾶλλον,
1116 1976 1237 2062 Ἰσαῖος

98 2081 136 2146 δὲ
160 2079 222 2169 τὴν
243 2087 371 2169 τέχνην,
398 2083 455 2146 καί
478 2076 496 2146 ὃ
519 2082 582 2165 μὲν
605 2080 840 2165 στοχάζεσθαι
857 2092 918 2151 τοῦ
930 2088 1124 2171 χαριέντως,
1157 2078 1174 2148 ὁ
1200 2084 1236 2150 δὲ

97 2191 161 2250 τοῦ
176 2183 303 2262 δεινῶς.
350 2185 513 2252 Adverbia
534 2191 718 2272 χαριέντως
733 2193 765 2254 et
781 2186 896 2264 δεινῶς
918 2189 1022 2254 locum
1040 2189 1129 2254 nullo
1144 2188 1237 2255 modo

96 2287 230 2371 habent,
257 2309 359 2372 neque
381 2308 453 2355 eum
469 2289 601 2356 Reiskie
624 2291 717 2372 faeie,
744 2291 799 2374 qui
822 2290 933 2356 εἰπεῖν
954 2291 1154 2357 intercidisse
1177 2311 1238 2377 pn-

95 2398 155 2457 tet.
204 2391 438 2458 Desiderantur
461 2391 523 2458 duo
547 2399 669 2476 neutra,
697 2413 779 2477 quae
801 2395 909 2460 verbis
932 2391 993 2481 την
1015 2388 1237 2482 &trituraret

97 2493 162 2582 τὴν
180 2499 301 2582 τέχνην
322 2494 548 2581 respondeant.
595 2497 709 2580 Itaque
731 2498 804 2582 lego
827 2496 919 2564 δοκεῖ
944 2548 950 2562 .
971 2548 1006 2562 ..
1033 2491 1050 2562 ὁ
1074 2498 1136 2582 μὲν
1159 2522 1237 2565 στο-

96 2597 270 2681 χάζεσθαι
292 2605 353 2667 τοῦ
374 2604 621 2687 χαρίεντος,
648 2594 665 2666 δ
690 2599 726 2666 δὲ
748 2607 810 2666 τοῦ
831 2599 990 2669 δεινοῦ.

638 2823 693 2888 VI.

443 2962 482 3014 In
500 2963 643 3014 libellum
662 2963 700 3016 de
717 2964 887 3016 Dtnsreho.

185 3099 222 3164 P.
240 3099 346 3163 seems
365 3091 618 3180 Ὑποκειμένων
645 3098 681 3163 δέ
711 3097 841 3166 τούτων
863 3093 1036 3187 ὁλοσχερεῖ
1062 3103 1230 3187 λοχισμηῖ·

96 3199 137 3265 τὸ
167 3197 230 3284 γὰρ
262 3193 397 3284 ύκριβδς
426 3195 486 3266 οὐκ
513 3199 652 3283 ἐ’χομεν·
684 3201 733 3290 ε’ίη
759 3197 801 3268 ἂν
828 3199 913 3267 κατὰ
939 3201 1143 3291 Νικόφημον
1173 3201 1234 3291 ἅρ-

95 3325 203 3385 χοντα
232 3300 398 3387 γεγονώς.
427 3301 457 3368 εί
480 3304 517 3370 δέ
546 3327 597 3380 τις
626 3299 646 3391 ἢ
674 3302 907 3392 πρεσβύτερον
935 3301 955 3394 ἢ
978 3303 1142 3392 νεώτερον
1170 3315 1236 3376 τῶν

95 3405 285 3492 εἰρημένων
305 3404 438 3492 χρύνων
453 3401 558 3472 αὐτὸν
580 3400 668 3473 εἷναι
688 3403 790 3495 φήσει
798 3411 834 3493 ¹),
861 3408 949 3495 πρὸς
964 3417 1011 3495 τῷ
1025 3411 1131 3498 μηδὲν
1144 3405 1235 3496 ύχιὲς

95 3512 210 3595 λέγειν
230 3510 288 3575 καλ
309 3507 429 3595 λόχους
456 3504 588 3595 αύτὸνῖ)
616 3509 765 3588 πολλοὺς
794 3506 1014 3600 epotemus,
1046 3516 1235 3597 μᾶλλονδὲ

95 3609 232 3689 πάντας
255 3610 344 3701 πλὴν
366 3617 468 3678 πέντε
490 3607 510 3700 ἢ
534 3614 579 3694 ἓξ,
607 3621 673 3679 τῶν
693 3614 757 3696 μὲν
779 3613 1011 3701 πρεσβύτερον
1028 3611 1141 3700 αὐτὸν,
1169 3625 1236 3684 τῶν

96 3715 134 3780 δέ
157 3711 319 3801 νεώτερον
333 3709 422 3782 εἶναι
440 3717 557 3800 λέγων.
604 3715 807 3784 conditionis
823 3719 858 3784 in
873 3719 1007 3806 apodusi
1023 3741 1087 3786 non
1102 3719 1235 3788 serenda

94 3826 146 3886 est
166 3819 315 3905 repetitio
341 3827 408 3885 τῶν
429 3820 493 3902 μέν
515 3819 745 3906 πρεσβύτερον
768 3816 880 3906 αὐτὸν,
914 3829 981 3888 τῶν
1009 3821 1045 3888 δὲ
1067 3821 1232 3909 νεώτερον

167 4079 184 4142 ¹)
206 4074 293 4148 φήσει
309 4075 458 4133 Weeterm.
478 4078 567 4148 biogr.
586 4095 614 4148 p.
630 4082 735 4135 32029:
762 4080 834 4151 φησὶ
852 4081 907 4136 FR
933 4083 944 4146 ΙΙ
973 4081 992 4147 2)
1015 4079 1103 4136 αὐτὸν
1121 4081 1228 4152 Krueg.

93 4163 186 4302 {picit
192 4164 324 4303 1,Ἕλικα
344 4179 387 4234 ep.
403 4163 551 4220 Westerm.
571 4166 590 4219 l.
611 4165 646 4220 l.:
668 4153 703 4218 οδ
722 4165 778 4221 FR
794 4169 805 4233 11
828 4165 849 4232 ³)
870 4164 1015 4238 ἀφελεῖται
1036 4165 1131 4238 syluz
1153 4165 1227 4241 ἀφί-

110 4265 174 4313 ηται
250 4291 256 4304 .
