2982 4884
184 389 187 396 ·
287 385 348 446 mn
722 421 764 430 -
811 385 896 465 μοι]
944 420 987 431 -

287 577 472 654 ονσμασίας
495 574 551 637 καὶ
567 566 771 648 ἀντιθέσεις.
810 570 1046 637 Herwerdenus
1061 571 1223 636 voeabula
1242 570 1297 633 zei
1313 591 1400 648 παρο-

285 674 450 756 μοιώσεις,
478 695 548 741 oum
571 696 602 760 p.
624 677 700 740 869ι
723 695 787 740 uon
802 676 960 758 legantur,
987 673 1080 752 delet,
1104 691 1399 758 quamquameeon-

284 778 380 844 trurio
403 778 508 862 potius
530 799 563 862 p.
582 779 658 843 869⁴
682 798 721 844 ea
742 777 914 844 inserenda
929 797 1001 843 esse
1017 777 1168 860 colligere
1184 776 1328 855 debebat.
1345 793 1399 839 oum

285 883 473 966 praesertim
496 881 645 967 Dionysii
667 880 821 964 loquendi
844 901 922 946 usus
952 880 1038 947 idem
1064 880 1191 965 probet3
1225 879 1267 945 of.
1293 899 1323 963 p.
1341 881 1399 941 tS3n

285 989 542 1071 καταμέμφεται
564 991 630 1050 τῶν
653 985 731 1069 περὶ
754 981 814 1060 τὰς
838 977 1030 1060 ἀντιθέσεις
1057 984 1115 1048 καὶ
1137 979 1339 1067 παρισώσεις
1358 981 1398 1042 καὶ

285 1085 535 1172 παρομοιώσεις
561 1136 567 1150 .
589 1136 596 1150 .
619 1138 625 1150 .
651 1085 959 1152 διεσπουδακότων.
1008 1089 1085 1151 5396
1109 1085 1147 1151 u‘t'
1167 1109 1201 1150 τε
1225 1081 1398 1170 παρομσιώ

284 1213 354 1266 σεις
377 1192 433 1255 καὶ
456 1188 662 1276 παρισώσεις
685 1192 741 1254 καὶ
764 1187 805 1254 τά
829 1185 1004 1256 ἀντίθετα.
1053 1194 1128 1254 5617
1152 1197 1219 1256 τῶν
1241 1184 1398 1274 σχημάτων

283 1291 319 1358 τὸ
343 1295 561 1379 μειρακιῶδες
583 1295 662 1380 περὶ
679 1290 738 1370 τὰς
755 1288 948 1370 ἀντιθέσεις
963 1293 1021 1358 καὶ
1037 1291 1243 1376 παρισώσεις
1258 1293 1311 1355 καὶ
1327 1314 1397 1372 παρ-

283 1393 457 1478 ομοιώσεις
490 1395 789 1483 κατατριβόμενον.
847 1399 956 1461 101811
988 1395 1027 1462 αἵ
1056 1419 1091 1461 τε
1127 1393 1330 1481 παρισώσεις
1355 1393 1397 1456 zui

282 1498 531 1584 παρομοιώσεις
553 1502 609 1565 καὶ
633 1494 825 1576 ἀντιθέσεις
855 1501 912 1564 καὶ
934 1497 975 1562 τά
997 1503 1306 1583 παρωνομασμένα.
1349 1495 1398 1562 Sed

282 1601 363 1669 haee
392 1603 557 1670 haetenus.
604 1605 673 1668 Iam
696 1604 799 1686 viem,
836 1624 932 1688 quam
961 1603 1099 1686 ingressi
1128 1621 1271 1677 eramus,
1308 1619 1399 1685 perse-

281 1723 425 1786 quamur.

367 1829 397 1893 p.
419 1813 524 1874 772sss
550 1806 757 1895 Θονκυδίδης
780 1809 816 1873 δὲ
840 1805 993 1891 πόλεμον
1015 1807 1075 1874 ἕνα
1098 1812 1155 1873 καί
1177 1831 1271 1884 τινας
1291 1801 1399 1872 άπνιν

280 1911 334 1974 στὶ
349 1911 554 1998 διεξέρχεται
568 1909 680 1994 μάχας
696 1910 754 1976 ἐπὶ
769 1910 894 1994 μάχαις
917 1912 974 1976 καὶ
989 1907 1208 1998 παρασκευάς
1224 1909 1284 1976 ἐπὶ
1305 1932 1399 1993 παρα-

281 2027 415 2090 σκευαῖς
438 2015 495 2079 καὶ
517 2011 637 2098 λάχους
661 2013 720 2079 ἐπὶ
742 2013 855 2099 λόγοις
878 2019 1034 2080 σσντιθεί
1057 2065 1062 2076 .
1111 2014 1216 2080 Verbo
1239 2001 1305 2078 καί
1321 2033 1399 2084 τινας

280 2126 428 2201 corrupte
460 2137 531 2184 esse
564 2125 711 2202 apparet.
765 2116 856 2194 Quae
887 2117 1039 2184 Reiskius
1073 2117 1241 2202 proposuit
1273 2117 1328 2182 καὶ
1359 2107 1400 2177 ἀπ’

280 2244 374 2297 τινας
396 2222 449 2287 vel
472 2222 529 2285 καὶ
552 2217 671 2297 καινὰς
695 2215 747 2286 det
776 2245 879 2302 τινας,
917 2221 993 2287 ferri
1020 2227 1198 2305 nequeunt,
1237 2240 1309 2285 oum
1335 2218 1399 2283 sub·

278 2325 452 2391 stantivum
474 2321 595 2407 μάχας,
623 2323 666 2390 ed
688 2324 772 2408 quod
794 2324 858 2390 ists
880 2323 1024 2406 redeunt,
1051 2344 1115 2390 non
1134 2344 1174 2390 ex
1197 2323 1397 2410 διεξέρχεται.

278 2427 334 2492 sed
358 2448 399 2493 en
422 2432 595 2505 συντιθείς
617 2427 769 2512 pendeat.
816 2429 931 2512 Neque
954 2427 1057 2512 magis
1077 2425 1180 2512 probo
1193 2427 1315 2493 Helleni
1336 2443 1399 2490 eon-

276 2529 414 2595 ieoturas
436 2532 467 2613 tl.
486 2530 509 2595 1.
534 2551 566 2615 p.
586 2533 659 2614 552)
687 2529 757 2613 ἕνα,
792 2532 848 2595 καὶ
871 2538 977 2597 ταῦτα
1000 2525 1167 2598 ἀπνευστί
1191 2581 1197 2594 .
1222 2581 1228 2594 .
1250 2581 1257 2594 .
1282 2530 1332 2596 vei
1353 2526 1398 2592 καὶ

277 2628 380 2700 αὐτὸν
402 2641 523 2700 τοῦτον
538 2629 713 2700 ἀπνευστί.
753 2635 988 2702 Herwerdenus
1004 2636 1104 2701 verba
1126 2639 1183 2699 καί
1197 2657 1293 2710 τινας
1313 2633 1395 2708 delei,

275 2745 387 2822 utpote
416 2758 499 2822 qnae
526 2758 567 2804 en
588 2739 783 2822 glossemate
806 2763 883 2812 τινα
905 2739 947 2804 ad
970 2737 1029 2804 ἕνα
1052 2737 1213 2823 adscripto
1236 2745 1313 2803 nuta
1333 2736 1397 2801 sint.

275 2843 352 2908 Mihi
375 2844 469 2909 aliter
495 2843 537 2909 de
565 2842 626 2909 hoo
654 2844 724 2910 loeo
752 2842 961 2909 iudicandum
984 2842 1121 2909 videtur.
1170 2842 1270 2926 Urget
1297 2857 1398 2924 nempe

275 2967 477 3031 summopere
499 2946 685 3032 Dionysius,
721 2947 805 3030 quod
828 2945 1035 3032 Thucydides
1065 2967 1165 3012 unum
1194 2953 1317 3012 tanturn
1339 2943 1398 3010 bel-

275 3051 339 3116 lum
368 3049 501 3116 historia
530 3051 715 3134 complexus
745 3050 797 3116 sit.
852 3050 944 3116 Hanc
977 3049 1169 3116 sententiam
1203 3057 1330 3116 secutus
1359 3045 1397 3110 ita

274 3153 473 3238 scripserim:
510 3153 717 3240 Θονκυδίδης
741 3153 776 3218 δὲ
800 3151 953 3235 πόλεμον
982 3151 1055 3218 ἕνα
1086 3154 1156 3216 καὶ
1184 3151 1258 3218 τάν
1280 3143 1397 3217 αάτόν

274 3250 437 3321 ἀπνευστὶ
460 3256 666 3342 διεξέρχεται
688 3257 757 3320 κτλ.
813 3255 957 3322 Eandem
980 3256 1172 3322 locutionem
1195 3255 1295 3322 hebes
1317 3275 1343 3320 e.
1365 3271 1392 3334 g·

273 3381 304 3443 p.
325 3361 401 3424 519⁷
426 3357 485 3425 ἕνα
509 3356 647 3424 καὶτὸν
678 3354 782 3425 αὐτὸν
808 3355 1036 3445 φυλάττοντες
1066 3356 1209 3425 σκοπόν.
1260 3361 1348 3423 tosto
1369 3355 1395 3416 τί

272 3459 310 3549 δή
336 3486 419 3528 ποτε
442 3460 649 3545 βουλόμενος
672 3457 713 3529 σά
735 3461 918 3546 πορεύεται
939 3467 1023 3545 μίαν
1045 3461 1112 3528 αἰεὶ
1142 3463 1199 3528 καὶ
1223 3461 1282 3549 τὴν
1303 3453 1393 3542 αὐτὴν

273 3560 370 3632 door:

809 3739 867 3804 IX.

602 3863 641 3913 In
659 3861 811 3914 iudicium
831 3861 869 3913 de
888 3861 1080 3926 d'huoydide.

355 3981 390 4045 P.
412 3981 517 4044 Sl'irss
537 3973 598 4045 'mo
620 3977 682 4065 γάρ
706 3981 824 4065 λέγειν,
853 3974 906 4045 ὅτι
929 3981 1065 4046 πολλῶν
1087 3979 1195 4065 ἕρχων
1218 3975 1277 4062 οὐχ
1299 3973 1392 4065 ἥττων

197 4073 202 4086 ’
271 4090 330 4148 τοῦ
352 4088 505 4166 τεχνίτου
527 4081 641 4169 κριτὴς
665 4076 682 4148 ά
700 4079 841 4170 ἰδιώτης,
869 4090 935 4150 τών
950 4087 1016 4169 7⁶¹)
1044 4078 1090 4148 δι’
1110 4081 1300 4170 αἰσθήσεως
1321 4073 1390 4143 did·

339 4307 354 4364 ¹)
378 4322 409 4372 γε
428 4303 544 4360 Remis:
571 4323 599 4358 τε
618 4305 645 4358 M
652 4305 688 4359 R.
