3010 4896
531 385 575 394 -
621 347 717 432 [183]
764 386 805 394 -
1209 349 1251 414 ee

100 539 292 624 elegantiam
310 541 590 623 proceleusmatieo
609 541 746 618 exhibet
770 542 855 626 quod
872 542 1071 630 Dawesius1)
1090 545 1123 607 in
1143 543 1250 626 διαμι-

103 642 241 730 νύρεται
259 648 442 734 correxit’).
546 667 549 672 ·

192 775 219 816 v.
245 752 308 817 125
337 754 466 838 dexippo
474 756 502 840 ³)
530 761 612 820 etv.
640 754 700 818 179
724 760 823 836 κοινῇ
831 755 860 841 ¹)
890 761 1000 820 uoutm
1027 755 1138 822 seholii
1161 757 1250 820 teeti-

98 861 242 924 monium
264 860 381 942 legitur
404 866 437 925 et
456 860 492 926 iu
516 860 556 924 ΒΘ
579 866 612 925 et
634 861 719 943 apud
742 859 881 925 Suidam.

191 987 219 1029 v.
239 966 304 1030 868
327 966 360 1030 τί
383 953 447 1031 οὖν
470 961 519 1030 ἔτι
543 971 589 1048 ζῶ
613 969 666 1052 (ζῆ
685 965 722 1053 S)
745 973 816 1031 τῶν
838 962 998 1052 κοράκων
1020 970 1183 1055 πονηρίᾳ;

97 1071 127 1133 R
146 1077 180 1136 et
194 1070 309 1137 Suidas
327 1074 433 1156 inepte
447 1072 642 1138 Mnesilocho
661 1073 855 1150 continuant,
873 1075 960 1138 euius
978 1081 1101 1158 partem
1114 1075 1249 1140 alteram

96 1183 172 1240 τῶν
203 1173 362 1263 κοράκων
392 1180 539 1267 πονηρίᾳ
570 1177 694 1243 mulieri
726 1200 794 1244 esso
827 1179 1027 1245 tribuendam
1060 1203 1098 1245 ex
1130 1180 1249 1247 scholio

94 1289 238 1366 apparet
260 1286 482 1369 perspexitque
505 1284 676 1351 Bentleius.

191 1411 218 1453 v.
238 1389 303 1454 772
324 1391 455 1456 ultimus
478 1413 533 1475 pes
555 1390 691 1456 trimetri
716 1390 844 1456 iambici
867 1392 1032 1457 acataleeti
1054 1393 1144 1458 deest
1162 1393 1197 1457 Ri
1217 1400 1249 1458 et

95 1495 229 1560 Suidae.

190 1601 268 1666 Post
293 1624 321 1666 v.
349 1602 410 1667 129
443 1601 696 1686 parepigrapheu
724 1602 853 1668 exhibet
880 1595 1049 1684 όλολύζεις
1075 1603 1184 1689 γέρων
1211 1605 1248 1680 R,

95 1701 256 1789 όλολύζει
278 1699 298 1772 ὁ
321 1706 429 1792 γέρων
452 1709 569 1774 rectius
592 1707 623 1784 S,
645 1729 739 1792 qnam
762 1709 816 1772 uix
838 1707 1047 1793 probabiliter
1070 1711 1102 1774 iu
1126 1709 1249 1776 textum

95 1815 223 1898 reeepit
246 1813 271 1878 F
272 1812 446 1880 ritzsuhius

190 1920 250 1984 His
272 1927 449 2004 opponatur
472 1941 535 1984 nou
553 1920 719 1986 mediocris
742 1920 994 1986 differentiarum
1017 1923 1099 1986 iuter
1118 1921 1248 1987 Suidam

96 2035 132 2091 et
155 2027 219 2090 11⁰·
244 2026 342 2109 eopia
388 2025 493 2111 Atque
516 2032 552 2090 ut
578 2031 712 2102 taceam,
739 2026 794 2091 ubi
822 2026 937 2092 leuiter
964 2027 997 2092 in
1021 2029 1061 2098 ΒΘ
1084 2033 1248 2110 peecatum

96 2133 156 2208 sit,
184 2131 300 2197 Suidas
327 2153 403 2198 uero
430 2132 599 2215 genuinam
626 2132 815 2215 scripturam
842 2133 1061 2217 retinuerit⁵)‚
1092 2135 1248 2217 grauioris

97 2240 252 2304 momenti
289 2237 349 2303 hae
386 2238 495 2304 uariae
531 2239 706 2323 scripturae
744 2261 811 2303 esse
842 2238 1035 2304 uidebuntur
1044 2241 1080 2325 ⁰).
1136 2239 1248 2323 ltaque

96 2343 256 2429 praebent
278 2345 309 2408 iu
334 2367 394 2410 vn:

120 2556 166 2620 42
190 2559 418 2639 μελοποιῶν
804 2561 1006 2640 μελοποιῶν
1029 2565 1057 2637 †,

121 2663 166 2726 53
192 2653 345 2744 ἆψίδαςο.
357 2663 397 2745 gl.
413 2658 554 2747 Δρύοχοι
568 2669 600 2727 et

236 2789 259 2832 s.
279 2767 320 2851 gl.
346 2763 513 2847 Xtavsdst,

192 2865 369 2955 “1¹91de
388 2895 410 2940 s.
421 2873 461 2957 gl.
477 2875 598 2938 Δαικα-

237 2975 315 3064 στής

805 2814 978 2901 deeidam

179 3139 198 3204 ¹)
215 3137 333 3192 Miscell.
354 3133 420 3191 crit.
441 3153 484 3205 pg.
503 3137 564 3191 263.

177 3225 372 3291 'tlleiueldus
391 3223 492 3279 Viudd.
510 3225 651 3295 Aristoph.
672 3241 715 3295 pg.
737 3228 788 3281 176
807 3222 838 3294 δὴ
858 3227 1031 3295 μινυρίζετοο
1052 3224 1203 3295 proposuit.

177 3312 372 3378 ¹)Diudorfius
391 3307 510 3379 δόκιμον
527 3329 562 3366 ex
581 3312 692 3368 scholio.

178 3402 324 3468 ‘JBiaetus
343 3404 427 3470 καινῇ
446 3417 480 3456 ex
499 3400 611 3456 scholio.

178 3489 293 3555 “tuelut
315 3507 357 3544 vv.
381 3491 397 3544 2
424 3491 473 3544 159
496 3491 549 3545 515
568 3492 619 3545 601
643 3492 695 3546 948
719 3498 767 3545 aut
794 3491 881 3545 uerba
908 3507 961 3546 une
989 3492 1072 3545 ductu
1101 3505 1246 3558 perperam

105 3579 135 3632 in
155 3579 192 3632 Ro
209 3585 323 3632 exarata
342 3578 416 3646 apud
434 3577 546 3632 Suidam
565 3577 730 3633 dirimuntur
748 3585 797 3633 aut
814 3579 901 3633 uerba
919 3578 989 3633 falso
1008 3578 1036 3631 in
1057 3579 1094 3633 ΒΘ
1109 3577 1247 3646 dirempta

105 3664 181 3736 apud
202 3665 310 3721 Suidam
336 3666 546 3732 coenulentum
574 3683 616 3720 vv.
635 3669 670 3721 36
696 3670 747 3722 180
772 3669 824 3722 263
846 3671 899 3722 383
922 3675 1054 3721 accentus
1078 3671 1154 3720 recte
1172 3666 1245 3734 apud

105 3753 217 3809 Suidam
239 3753 308 3823 ploti
332 3761 407 3822 suut3
431 3771 473 3808 vr.
493 3756 545 3809 195
568 3755 620 3809 258
642 3755 695 3810 486
718 3755 776 3809 iota
799 3755 997 3825 subscriptum,
1027 3755 1099 3824 quod
1123 3761 1245 3818 necatur,

107 3847 185 3897 reete
202 3843 274 3911 apud
292 3841 404 3898 Suidam
424 3840 542 3910 positum
562 3849 610 3896 ost,

181 3929 247 3991 'tln
266 3929 310 3984 his
330 3928 523 3985 enumerandis
542 3945 589 3984 eas
608 3929 709 3986 Saldae
729 3931 874 3998 lectiones,
900 3947 970 4000 quae
989 3929 1057 3985 uiris
1077 3928 1164 3984 doctis
1183 3944 1245 3996 pro-

108 4019 191 4073 batae
208 4019 355 4088 pleraeque
374 4019 408 4072 ab
424 4017 575 4072 editoribus
590 4018 771 4089 Aristophani
790 4020 936 4074 restitutae
955 4025 1026 4082 sunt,
1046 4017 1147 4071 litteris
1162 4014 1245 4069 latius

109 4105 254 4175 dispositis,
273 4107 393 4176 itemque
413 4105 440 4160 in
456 4107 545 4160 altera
560 4107 688 4176 plagulae
703 4115 783 4178 parte
797 4107 969 4163 Rauennatis
984 4104 1143 4177 probabiles
1157 4102 1244 4171 serip-

109 4201 188 4248 teras
208 4195 365 4264 conspicuas
388 4195 514 4262 reddam
538 4211 619 4248 crure
643 4197 743 4250 notabo
763 4212 809 4251 eos
832 4195 919 4262 locos,
944 4193 1043 4263 quibus
1061 4191 1167 4247 numeri
1186 4189 1243 4244 uio-

110 4275 211 4346 lentur¹
227 4283 355 4338 asteriam
375 4300 428 4348 eos,
448 4283 482 4338 de
502 4281 600 4350 quibus
619 4283 702 4353 paulo
720 4285 794 4338 iufra
812 4283 899 4339 fusius
918 4284 1054 4352 agendum
1074 4287 1123 4335 est.

185 4369 205 4436 ¹)
220 4371 338 4426 restituit
355 4371 505 4427 Bentleius.
