2998 4896
261 309 304 374 aa
697 349 740 358 -
788 311 883 394 [ιω]
931 349 970 358 -

283 521 286 528 ’
350 503 401 570 Ad
424 525 451 568 v.
476 505 555 570 814:
709 577 711 582 ¹

358 610 379 677 S
403 633 427 677 s.
447 611 487 694 gl.
511 601 697 695 Ἐπιχειλές·
1109 613 1182 678 VO:

261 708 352 784 οότω
379 716 507 802 λέγεται
533 716 658 804 μέτρον
685 709 792 806 τὸμὴ
875 717 1034 804 έπιχειλὲς
1065 709 1128 805 γὰρ
1161 718 1285 804 μέτρον
1317 717 1413 802 λέγε-

259 830 397 912 πλῆρες,
452 816 526 890 ἀλλ’
577 816 793 891 όπολειπό-
874 849 929 890 ται
974 816 1015 892 τό
1059 816 1103 912 μὴ
1148 829 1286 912 πλῆρες,
1336 817 1414 890 ἀλλ’

259 955 389 1016 μενον.
874 926 1216 1018 όπομεσοόμενον.

260 1031 536 1122 όπομεσούμενον
546 1039 773 1104 Valckenarius
784 1041 809 1124 ¹)
825 1041 962 1105 correxit
975 1041 1009 1104 in
1024 1031 1320 1124 όπομασσόμενον;
1334 1047 1414 1104 utra

260 1151 365 1210 autem
401 1147 561 1210 uariarum
597 1146 767 1211 lectionum
800 1167 1056 1232 synonymarum,
1089 1145 1293 1212 Valckenarii
1323 1137 1413 1210 α’πο-

259 1249 471 1339 μασσόμενον
494 1251 651 1318 Suidaene
679 1244 960 1338 ἀπολειπόμενον,
987 1253 1075 1337 prior
1101 1253 1255 1318 fueritin
1279 1251 1413 1330 scholio,

260 1361 292 1424 in
317 1359 414 1425 dubio
436 1365 586 1425 remanet.

349 1466 399 1531 nd
427 1488 454 1532 v.
480 1465 565 1532 1185
595 1461 821 1552 ἐντερόνειαν·
855 1519 862 1532 .
893 1519 899 1532 .
929 1519 936 1532 .
967 1519 973 1532 .
1006 1466 1140 1548 βέλτιον
1169 1465 1220 1547 δέ,
1247 1457 1309 1552 τὴν
1335 1473 1413 1531 τῶν

261 1571 436 1658 ἐγκοιλίων
459 1564 543 1660 όλην
566 1573 704 1660 (codices
726 1573 953 1658 Aristophanei
977 1565 1093 1660 ξυλὴν)
1117 1573 1225 1658 λέγειν
1248 1593 1286 1638 ex
1309 1571 1414 1640 suida

260 1681 397 1746 eorrexit
419 1679 611 1769 Dindonfim.
1126 1747 1133 1762 ,

348 1787 518 1854 Praeterea
540 1788 676 1852 minores
701 1788 941 1872 discrepantiae,
965 1810 1004 1853 ex
1027 1787 1142 1872 quibus
1161 1787 1280 1853 scholia
1298 1794 1412 1854 nostra

259 1895 376 1978 partim
399 1893 585 1980 amplificari
608 1896 739 1978 possint,
762 1897 965 1980 reperiuntur
986 1897 1071 1979 apud
1095 1894 1224 1960 Suidam

295 2003 336 2066 ad
355 2023 381 2070 v.
396 2001 462 2068 254
485 2025 508 2068 s.
527 2001 568 2087 gl.
591 1997 755 2088 Κυρήβια·
1102 2001 1174 2067 Va:

259 2107 383 2195 πίτυρα
432 2111 489 2174 καὶ
537 2115 609 2174 τῶν
657 2114 791 2194 κριθῶν
871 2103 1022 2196 Κυρήβια
1054 2107 1092 2172 δέ
1122 2107 1185 2173 είσι
1213 2098 1254 2172 τὰ
1281 2110 1411 2194 πίτυρα

261 2207 588 2302 ἄποβρέγματαβ)
616 2206 658 2280 τό
686 2208 792 2300 ἄχυρα
871 2217 928 2280 καὶ
969 2208 1074 2300 ἄχυρα
1115 2221 1186 2279 τῶν
1225 2222 1349 2300 πυρῶν
1389 2209 1411 2304 ἢ

260 2314 373 2407 ἢτῶν
400 2330 530 2408 πυρῶν.
541 2325 566 2408 ²)
602 2313 734 2408 ἢένθα
758 2317 792 2386 αί
872 2327 1014 2408 κριθῶν.
1066 2317 1153 2386 ἔνθα
1190 2317 1224 2386 αἱ
1261 2317 1411 2407 κάχρυς
1491 2407 1492 2412 ¹

280 2425 470 2516 κάγχρυες
538 2423 768 2514 φρόγσνταιδ)
873 2425 1066 2514 φρόγονται.
1096 2423 1220 2512 κάχρυς
1253 2427 1290 2493 δέ
1321 2427 1410 2494 εἰσιν

258 2531 451 2622 κάγχρυες
477 2535 514 2601 δέ
537 2534 620 2601 εἰσιν
644 2532 679 2601 αί
702 2527 790 2622 α’λη-
873 2533 907 2601 αἱ
952 2534 1231 2619 λελεπισμέναι
1277 2539 1411 2620 κριθαί,

258 2641 444 2726 λεσμέναι
467 2644 593 2728 κριθαί.
873 2633 931 2724 ἀφ’
955 2630 1006 2706 σίν
1027 2633 1048 2730 ἡ
1072 2636 1225 2727 πτισάνη.

218 2823 221 2830 ,
349 2750 399 2814 aa
422 2771 449 2814 v.
474 2748 553 2815 νισι

331 2838 352 2904 S
376 2861 399 2904 a.
419 2838 459 2922 gl.
482 2841 717 2923 Συνωμστοόν

259 2947 471 3030 ξυνωμοσίαν
542 2944 790 3032 πεποιημένων,
872 2944 1084 3030 ξυνωμοσίαν
1107 2947 1176 3009 κτλ.

258 3051 427 3131 τουτέστι,
453 3053 582 3129 πίστεις
610 3043 652 3118 δι’
676 3043 790 3138 όρκων
1289 3040 1408 3137 όρκων

260 3154 426 3224 διδόντων
462 3154 593 3236 ἑαυτοῖς
624 3161 682 3224 καὶ
714 3177 789 3224 συν-
872 3153 1040 3224 διδόντων
1063 3149 1177 3234 αὐτοῖς
1200 3158 1257 3222 καὶ
1278 3155 1407 3244 συνθή-

259 3260 368 3351 θήκας
391 3261 477 3330 κατά
500 3288 623 3330 τινων
651 3288 789 3354 πεποιη-
871 3290 931 3343 κας
948 3257 1023 3330 κατ’
1042 3263 1136 3348 ἐμοῦ
1155 3259 1405 3350 πεποιηκότων.

258 3366 372 3436 κότων
405 3369 470 3436 ἐπὶ
500 3379 545 3456 τῇ
577 3368 790 3438 καταλύσει
870 3365 1003 3450 Ἄλλως·
1022 3371 1275 3456 προδοτῶντοῦ
1288 3365 1406 3457 δήμου,

258 3484 390 3542 τινοῖν.
870 3486 941 3543 τῶν
979 3473 1221 3562 συνσμνύντων
1259 3474 1323 3542 ἐπὶ
1359 3485 1405 3560 τῇ

347 3585 399 3650 Ad
422 3606 449 3650 v.
474 3585 553 3650 291:
870 3585 1106 3671 καθαιρέσει
1129 3591 1201 3650 τοῦ
1225 3579 1358 3670 δήμου.

370 3691 391 3756 S
416 3713 439 3756 s,
462 3692 502 3776 gl.
531 3691 678 3777 Τέμνειν·
1104 3692 1175 3756 Va:

260 3850 266 3863 .
293 3850 299 3862 .
325 3849 331 3863 .
357 3850 363 3863 .
385 3790 586 3883 ὑποτέμνων
610 3799 646 3864 δὲ
669 3791 709 3865 τό
733 3803 789 3866 λο-

259 3900 349 3992 ξαίδη
369 3905 448 3990 (soil.
462 3910 636 3970 ποιεῖσθαι
654 3897 716 3992 τὴν
734 3930 790 3973 το-
872 3957 878 3971 .
900 3957 906 3970 .
928 3957 934 3970 .
955 3957 961 3970 .
983 3895 1066 3972 ὅταν
1087 3896 1150 3990 γὰρ
1170 3895 1403 3987 ὑποτέμνεται,

122 4084 131 4096 .
257 4005 789 4101 μὴν),ί’ναπαχέαφαίνηται·
870 4008 1094 4098 παχύτερον
1130 4012 1330 4093 φαίνεται,
1366 4004 1402 4076 α’-

332 4156 351 4213 ’ί
371 4155 406 4208 ad
425 4155 540 4208 Theocr.
561 4153 694 4210 Adoniaz.
713 4172 758 4224 μς.
777 4155 838 4211 388.

235 4241 243 4258 ·
331 4225 351 4286 'i
371 4225 433 4294 lage
452 4217 470 4293 ἢ
488 4221 523 4280 τὰ
542 4217 633 4296 ἄχυρα
652 4229 709 4281 τῶν
728 4231 833 4298 πυρῶν.

330 4295 351 4356 ³)
370 4297 443 4351 redit
461 4295 534 4366 apud
553 4296 687 4352 Photium.

329 4369 351 4436 ⁴)
370 4364 527 4436 ἄλὴθονται
546 4368 571 4423 S.
590 4368 627 4438 gl.
650 4365 704 4433 Τὰς
722 4363 811 4434 ὁδοὺς.
