3034 4896
709 325 921 385 -32-

247 517 458 594 exposuerat,
493 529 532 575 eo
554 517 678 576 tantum
701 511 836 576 consilio
860 511 1024 596 disputata
1046 519 1173 592 essent,
1208 519 1240 575 ut
1263 517 1389 576 cetero·
1501 470 1505 519 ε

247 633 316 679 rurn
353 612 614 697 pbilosophorum
652 613 814 679 doctrinas
851 634 954 680 vanas
992 633 1068 679 esse
1101 613 1385 678 demonstraretur.

248 717 391 800 Apparet
406 722 512 780 autem
524 715 671 782 versibus
683 718 854 782 483-634
868 717 1109 782 fundamentum
1125 723 1272 781 constare
1288 715 1389 780 totius
1501 746 1506 769 ι

249 818 412 884 doctrinae
436 818 665 894 Lucretianae,
692 819 777 901 quod
800 839 871 884 cum
893 820 1020 900 iecerit,
1046 819 1136 884 sacili
1158 819 1287 902 negotio
1311 839 1389 902 pro-

248 922 303 986 bat
337 927 514 987 ceterorum
550 921 591 987 de
624 922 806 1006 principiali
835 922 972 988 materia
1007 922 1175 1007 opiniones
1205 921 1289 988 labi.
1346 926 1390 986 nt

252 1026 350 1089 talem
373 1023 485 1088 harum
508 1023 581 1089 libri
604 1025 700 1109 primi
722 1025 862 1109 partium
884 1024 1104 1091 condicionem
1120 1045 1179 1109 per·
1195 1034 1390 1110 quapropter

252 1127 442 1211 particulam
481 1126 665 1209 significare
702 1147 765 1192 non
802 1128 915 1212 potuit.
976 1126 1121 1206 Deinde,
1157 1135 1192 1192 ut
1231 1127 1390 1193 faciantne

251 1236 378 1313 poetam
401 1229 462 1294 hoc
485 1229 578 1294 modo
601 1230 846 1314 primordiorum
863 1231 1038 1295 doctrinam
1054 1231 1188 1296 aliorum
1205 1232 1389 1315 praeceptis

250 1331 452 1416 opposuisse,
477 1339 585 1398 tamen
608 1333 640 1397 in
663 1333 862 1398 transitionis
882 1333 1019 1399 formula
1034 1334 1104 1399 sine
1119 1334 1214 1399 dubio
1230 1335 1261 1400 ci
1275 1333 1388 1398 dicen-

250 1433 325 1498 dum
349 1441 433 1512 erat,
467 1455 600 1500 ornnes
623 1435 769 1501 diversas
792 1435 832 1500 de
862 1435 998 1500 materia
1027 1436 1203 1502 sententias
1232 1455 1293 1501 sua
1321 1435 1389 1518 pri-

252 1536 442 1602 mordiorum
466 1537 611 1602 doctrina
633 1539 713 1603 tolli.
760 1537 868 1615 Quare
890 1559 954 1603 non
974 1539 1003 1605 ei
1019 1539 1124 1620 modo,
1150 1540 1204 1621 qui
1222 1539 1388 1605 materiem
1507 1584 1510 1601 .

251 1659 356 1705 rerum
378 1659 452 1705 esse
474 1648 628 1724 putarunt
652 1641 777 1724 ignem,
804 1661 874 1706 oum
904 1642 1020 1723 quibus
1049 1661 1126 1708 sane
1156 1662 1281 1722 omncs,
1314 1643 1386 1725 qui·
1507 1628 1511 1677 ²

253 1761 390 1824 cumque
416 1762 513 1807 unam
544 1743 765 1827 principialem
794 1744 958 1808 materiem
988 1751 1187 1826 statuerunt,
1220 1746 1388 1829 complecti

253 1845 423 1930 potuisses,
449 1847 717 1911 commemorandi
739 1855 839 1927 erant,
866 1867 977 1912 verum
1000 1847 1097 1913 etiam
1112 1849 1328 1930 Anaxagorae
1345 1849 1386 1912 de

252 1947 487 2013 homoeomeria
509 1949 679 2014 sententia.

338 2051 387 2115 Ab
410 2051 482 2135 ipso
503 2051 601 2134 igitur
623 2059 720 2135 poeta
740 2053 789 2118 illi
811 2071 922 2119 versus
944 2057 1027 2136 {63a
1047 2055 1076 2136 6)
1099 2073 1140 2119 ne
1154 2054 1196 2119 ab
1211 2053 1301 2117 initio
1317 2054 1387 2135 qui-

252 2152 325 2218 dem
341 2162 415 2237 post
436 2158 499 2218 634
522 2155 632 2238 scripti
655 2163 737 2220 sunt.
779 2155 901 2221 Eadem
924 2164 1031 2222 autem
1047 2156 1299 2236 ratiocinatione,
1323 2175 1386 2237 qua

252 2275 366 2321 versus
380 2256 422 2335 II,
442 2259 517 2321 478.
540 2261 559 2321 9
582 2255 696 2324 editori
713 2258 893 2336 tribuimus,
918 2258 1116 2340 adducimur,
1143 2266 1178 2324 ut
1192 2257 1275 2324 hano
1289 2259 1386 2324 itcra-

251 2358 369 2422 tioncm
393 2358 435 2424 ad
458 2359 594 2424 eundem
620 2361 806 2427 referamus.
852 2363 938 2427 Num
968 2363 1064 2427 etiam
1094 2365 1154 2426 637
1186 2382 1226 2427 ex
1248 2363 1296 2442 Il,
1328 2365 1384 2425 176
1511 2396 1514 2405 ·

253 2460 294 2524 ab
316 2460 377 2527 hoc
398 2461 532 2528 iteratus
556 2464 607 2544 sit,
633 2464 788 2529 incertum
812 2473 872 2530 est.

339 2564 465 2648 Reliqui
484 2573 558 2631 sunt
572 2567 616 2645 11,
637 2570 794 2632 177-83.
842 2567 965 2645 Quibus
987 2587 1063 2652 pars
1082 2567 1220 2634 eflicitur
1234 2568 1308 2644 loci,
1333 2567 1386 2649 qui

253 2674 345 2732 cutm
355 2687 509 2733 conexum
523 2669 593 2735 eius
605 2670 804 2751 quaestionis
814 2671 1023 2755 interpositus
1034 2677 1093 2749 est,
1109 2691 1191 2752 quae
1203 2673 1382 2752 cta-162¹)

253 2776 285 2834 et
310 2773 477 2835 184-332
501 2771 541 2837 de
564 2772 806 2857 primordiorum
829 2773 967 2839 motibus
994 2774 1180 2838 instituitur.
1227 2775 1275 2838 Ao
1302 2774 1387 2838 rnala

253 2871 379 2937 fortuna
399 2873 525 2938 initium
549 2875 618 2940 eius
641 2876 702 2941 loci
732 2876 913 2941 mutilatum
943 2883 1009 2942 est:
1042 2876 1074 2940 in
1105 2877 1192 2941 exitu
1221 2883 1330 2941 tamen
1358 2875 1388 2940 ei

252 2975 442 3057 refutantur,
461 2977 514 3059 qui
529 2978 635 3060 ignari
650 2979 815 3060 materiae,
835 2978 921 3062 quod
939 2988 1074 3045 naturae
1093 2979 1169 3044 ordo
1184 2979 1270 3044 vitae
1285 2975 1386 3044 bomi-

253 3097 327 3142 num
357 3087 422 3144 tam
453 3080 709 3146 accommodatus
740 3081 798 3162 sit,
832 3082 939 3146 omnia
967 3102 988 3146 a
1016 3081 1086 3147 deis
1115 3081 1289 3147 constituta
1317 3101 1386 3146 esse

253 3179 386 3264 lingunt.
434 3182 560 3247 Deinde
583 3191 760 3264 sequuntur
780 3185 829 3249 illi
851 3204 982 3250 versus:

310 3287 369 3346 177
394 3307 466 3347 nom
489 3286 631 3370 quamuis
653 3309 758 3350 rerum
781 3287 921 3370 ipsoram
939 3285 1119 3370 primordia
1142 3307 1221 3368 quoe
1243 3285 1316 3366 aiat,

393 3386 450 3450 boe
474 3395 577 3451 tomen
599 3411 637 3451 ea
659 3389 736 3472 ipsis
758 3389 840 3453 caeli
859 3389 1032 3453 rationibus
1055 3387 1156 3452 oasim

394 3489 577 3572 corfirmore
599 3491 730 3576 aliosque
753 3515 790 3555 aa
813 3495 904 3556 rebus
925 3493 1056 3556 reddere
1077 3491 1194 3571 multas,

314 3593 373 3656 180
396 3613 594 3676 nequaquam
616 3594 704 3658 nodab
726 3594 876 3658 divinitae
899 3617 964 3658 ease
986 3603 1123 3660 meolam

394 3704 541 3760 notarum
562 3697 689 3759 mundi:
714 3706 803 3761 tacta
824 3707 888 3761 atat
904 3698 1054 3780 praedita
1076 3697 1179 3780 calpa.

395 3821 474 3883 quoe
497 3797 556 3862 tati
570 3800 737 3881 posterius,
764 3801 905 3877 Memmi,
920 3800 1081 3884 sacianos
1103 3807 1234 3882 operto:

395 3923 475 3963 rzunc
498 3900 544 3978 id,
570 3903 655 3986 quod
674 3911 825 3986 caperest,
851 3904 1044 3966 domatibus
1067 3893 1272 3986 expediemus.

437 4006 546 4079 (Nunc
568 4005 652 4068 locus
675 4014 731 4082 eat,
757 4013 792 4070 at
807 4005 927 4090 opinor,
954 4005 987 4068 ic
1002 4005 1052 4069 leia
1066 4005 1149 4068 illud
1162 4027 1282 4089 qaoque
1297 4003 1385 4066 reduc

260 4143 461 4152 ——n———n-

326 4228 341 4287 ¹)
364 4224 399 4290 ΙΙ,
415 4227 471 4278 163,
484 4228 498 4276 l
512 4230 552 4290 l=
565 4225 613 4292 lV,
627 4229 686 4280 207.
698 4229 721 4290 8)
733 4228 872 4282 insiticios
882 4242 944 4281 esse
953 4224 1026 4280 inira
1036 4226 1233 4281 demonstrabo
1246 4241 1291 4294 pg.
1304 4227 1333 4275 tl
1346 4237 1384 4290 aq.
