2982 4884
522 383 565 392 -
614 347 696 428 μου]
744 382 788 392 -
1162 347 1224 408 non

88 543 207 605 carent,
222 534 269 600 ita
281 534 513 600 inconstantiae
525 536 628 600 virum
640 533 768 600 doctum
780 541 928 616 arguunt,
945 533 1000 616 qui
1011 555 1043 618 p.
1057 535 1131 597 778⁷
1148 553 1227 600 ean-

88 637 160 704 dem
182 639 375 705 locutionem
397 638 557 722 integram
578 637 756 720 reliquerit;
783 637 825 703 cf.
851 640 890 702 A.
909 640 948 702 R.
965 639 997 703 ll
1019 640 1059 701 23
1082 659 1115 722 p.
1138 641 1226 703 14210

90 742 209 808 Kiessl.
236 737 277 808 οὐ
298 740 405 824 μόνον
426 749 485 828 της
507 743 587 828 περί
610 748 716 807 ταῦτα
739 745 865 828 σοφίας
888 737 987 826 χάριν
1010 735 1104 820 ι’ίξιος
1128 738 1227 806 ἐπαι-

88 850 225 910 νεῖσθαι
247 839 264 910 ὁ
291 839 386 932 δνηρ.
433 846 534 912 Multo
556 865 633 911 vero
655 844 810 910 audacius
833 845 1024 929 particulam
1041 842 1078 909 δέ
1099 843 1227 910 intrusit

86 948 167 1014 isaeo
182 947 355 1014 adnotans:
386 947 442 1025 „cs
457 958 529 1034 post
545 947 663 1012 ἔπειτα
685 947 831 1031 (addidi),
850 947 925 1030 quia
940 947 1119 1032 praecessit
1133 952 1226 1031 πρῶ-

88 1075 145 1116 τον
176 1055 272 1133 μέν’.
320 1050 521 1134 Quamquam
555 1051 756 1134 grammatici
790 1050 905 1117 docent
938 1051 989 1133 (oi.
1022 1051 1223 1133 Kruegerum

84 1176 132 1236 gr.
153 1154 208 1219 Gr.
235 1155 320 1239 §dil
341 1159 392 1236 21,
415 1156 440 1236 il
469 1155 568 1220 verbu
591 1153 805 1240 πρῶτονμὲν
828 1174 927 1239 saepe
941 1154 1044 1238 excipi
1067 1154 1225 1238 particula

86 1256 216 1339 ἔπειτα,
243 1259 346 1323 rarius
370 1258 546 1324 coniunctis
569 1256 689 1322 ἔπειτα
713 1257 758 1322 δέ.
808 1257 952 1324 Eandem
976 1258 1166 1342 particulam
1189 1256 1226 1321 δι’

88 1383 117 1445 p.
136 1365 228 1426 75710
253 1361 381 1438 „invitis
404 1361 513 1427 libris‘
538 1360 681 1426 addidit:
708 1367 844 1444 πρῶτον
865 1365 1008 1448 1’πρῶτος
1022 1362 1143 1442 Hercul
1164 1361 1227 1442 μὲν

85 1457 102 1528 δ
128 1461 355 1550 γνησιώτατος
379 1457 483 1530 αὐτοῦ
505 1461 663 1550 μαθητὴς
684 1460 933 1550 Ἀριστοτέλης,
960 1461 1080 1528 ’ἔπειτα
1103 1457 1173 1550 (δ’)
1193 1461 1225 1528 oi

86 1567 167 1652 περὶ
191 1563 442 1653 Κηφισόδωρόν
471 1568 586 1632 τεκαὶ
617 1563 839 1648 Θεόπομπον.
887 1567 985 1632 Recte
1014 1565 1099 1631 hunc
1122 1566 1226 1633 locum

86 1671 179 1736 cuins
202 1690 305 1754 nuper
328 1670 590 1748 „observationes
613 1669 845 1753 grammaticae
867 1670 907 1734 de
930 1669 1094 1734 modorum
1116 1689 1177 1734 usu
1192 1668 1225 1732 in

86 1773 236 1858 Dionysii
273 1773 555 1840 Halicarnasensis
587 1772 843 1856 Antiquitatibus
880 1773 1058 1838 Romanis“
1097 1770 1226 1856 prodie-

87 1885 163 1941 runt
191 1876 482 1961 gsrypniswaldiae
508 1879 598 1958 1875)
628 1877 761 1943 Carolus
784 1877 990 1942 Baumannus
1013 1877 1053 1941 ab
1075 1876 1227 1941 Herwer-

85 1979 163 2045 deni
186 1989 301 2059 conatu
317 1979 463 2046 defendit
485 1983 527 2064 lp.
547 1983 612 2061 31).
659 1968 773 2063 Neqde
795 1979 880 2046 enim
903 1979 1139 2063 neglegendum
1162 1987 1222 2062 est,

81 2082 170 2166 quod
192 2083 276 2147 inter
298 2089 345 2147 tot
366 2083 601 2165 Antiquitatum
624 2083 710 2148 locos
733 2082 874 2166 quinque
896 2088 1018 2148 tuntum
1043 2089 1126 2164 sunt,
1153 2081 1224 2165 qui-

80 2187 143 2252 bus
167 2184 287 2251 ἔπειτα
311 2186 346 2251 δὲ
370 2186 504 2270 legitur;
531 2205 610 2270 quos
632 2186 674 2252 ad
697 2193 871 2252 ceterorum
894 2185 1138 2252 similitudinem
1153 2205 1225 2252 cor-

81 2288 237 2373 rigendos
259 2309 332 2356 esse
354 2289 531 2374 probabilis
554 2296 605 2356 est
619 2289 799 2355 Baumanni
822 2289 982 2355 sententia
1002 2291 1044 2374 (p.
1063 2293 1130 2372 33).
1176 2289 1225 2354 Ex

81 2393 251 2459 rhetoricis
289 2394 418 2478 scriptis
455 2401 586 2478 praeter
621 2393 679 2459 illa
715 2392 884 2459 locutionis
921 2400 1058 2478 πρῶτον
1093 2393 1156 2476 μὲν
1184 2433 1226 2440 -

80 2496 205 2563 ἔπειτα
229 2497 282 2580 δὲ)
302 2497 451 2580 exempla
472 2497 581 2563 notavi
603 2496 700 2564 haee:
734 2516 767 2581 p.
787 2501 840 2560 551
858 2490 967 2582 ’Έηοην
989 2497 1025 2562 δὲ
1045 2492 1106 2584 τὴν
1122 2491 1226 2584 ἀκοὴν

82 2597 234 2684 ἥδεσθαι
256 2604 423 2687 πρῶτονῑ]
458 2600 521 2682 μὲν
550 2612 621 2676 τοῖς
648 2601 794 2682 μέλεσιν,
829 2598 947 2664 ’ἔπειτα
971 2613 1042 2676 τοῖς
1065 2600 1222 2687 ῥυθμοῖς,

84 2709 201 2790 τρίτον
224 2715 298 2780 ταῖς
317 2704 531 2786 μεταβολαῖς,
560 2701 619 2768 ἐπὶ
640 2703 678 2768 δὲ
700 2701 832 2780 τούτοις
856 2698 966 2768 ἅπασι
981 2711 1028 2788 τῷ
1042 2707 1222 2791 πρέποντι.

80 2813 162 2872 2115
186 2805 228 2871 τὰ
251 2805 433 2892 γράμματα
455 2800 540 2872 ὅταν
556 2803 812 2889 παιδευώμεθα,
839 2806 1060 2893 πρῶτονμὲν
1082 2806 1124 2871 τὰ
1147 2801 1225 2872 ὀνό-

79 2935 176 2993 ματα
208 2905 320 2977 αὐτῶν
349 2906 626 2993 ἐκμανθάνομεν,
664 2909 783 2975 ’ἔπειτα
813 2906 892 2985 τοὺς
923 2906 1051 2986 τύπους
1080 2911 1137 2975 καί
1165 2907 1225 2988 τὰς

82 3011 266 3097 δυνάμεις,
307 3008 379 3079 εἶθ’
405 3008 493 3080 οὕτω
527 3013 588 3091 τὰς
617 3011 787 3096 συλλαβὰς
817 3014 886 3078 κτλ.
935 3018 1026 3080 caco
1056 3019 1136 3091 Πιῖις
1166 3005 1226 3081 οὖν

80 3115 125 3190 ἄν
152 3142 203 3195 τις
233 3118 394 3205 δυνηθείη
427 3114 505 3194 τοὺς
533 3122 691 3204 γνησίους
720 3111 854 3200 αὐτοῠῖ)
882 3116 1058 3204 γνωρίζει-ν
1084 3115 1221 3203 λόγους;

86 3230 230 3308 πρῶτον
265 3222 328 3304 μὲν
358 3220 388 3286 εἰ
422 3219 599 3286 ἐπίσταιτο
633 3217 711 3297 τοὺς
745 3227 811 3286 τῶν
845 3217 956 3288 ἄλλων
992 3229 1221 3309 χαρακτῆρας·

77 3325 205 3391 ἔπειτα
228 3321 305 3400 τοὺς
327 3324 390 3407 μὲν
404 3329 543 3390 Λυσίου
564 3325 828 3411 παραπλησίους
850 3321 971 3409 λόγους
990 3321 1098 3410 τούτῳ
1117 3348 1225 3411 προσ-

78 3435 198 3516 ηίρσι.
248 3430 323 3494 8225
347 3427 569 3514 πρῶτονμὲν
592 3424 631 3514 δὴ
655 3423 741 3492 κατὰ
756 3426 865 3492 ’τοῦτο
889 3425 1044 3513 διήλλαξε
1068 3435 1134 3495 τῶν
1156 3429 1224 3515 πρὸ

77 3527 190 3598 αὐτοῦ
213 3535 438 3617 συγγραφέων
463 3580 468 3593 .
491 3579 526 3594 ..
556 3549 639 3597 vers.
660 3557 672 3596 o
695 3529 814 3595 ’ἔπειτα
838 3527 923 3595 κατὰ
946 3527 983 3595 τὸ
1007 3531 1112 3618 μηδὲν
1141 3527 1223 3618 αὐτῇ

78 3634 245 3718 μυθῶδες
268 3630 462 3718 προσάψαι.

170 3789 330 3867 Quoniam
347 3794 453 3854 antem
465 3787 656 3872 Dionysium
671 3787 711 3852 ab
723 3787 929 3854 Herwerdeni
947 3789 1137 3854 coniecturis
1153 3791 1225 3855 vin-

77 3895 193 3960 dicare
210 3892 384 3976 coepimus,
404 3891 583 3975 paullulum
597 3891 809 3956 subsistamus
822 3896 853 3956 et
865 3890 905 3957 de
918 3891 990 3956 aliis
1003 3892 1164 3957 nonnullis
1176 3892 1225 3956 vi-

77 3999 232 4064 deamus.
266 3997 300 4084 Ρ.
317 3997 438 4058 ldlross
450 3988 632 4080 Ἐγεννήθη
650 3993 686 4058 δὲ
708 3993 914 4074 [Aristoteles]
935 3992 1019 4057 κατὰ
1036 3991 1096 4080 τὴν
1112 3993 1224 4082 ἐνενη-

157 4257 172 4316 ¹]
196 4255 309 4324 πρῶτον
327 4251 472 4320 Uptonus:
494 4248 613 4322 πρώτοις
631 4250 656 4304 R
677 4255 688 4316 ΙΙ
711 4252 731 4303 ⁸²}
752 4248 839 4302 αὐτοῦ
859 4250 953 4320 sylo:
975 4247 1049 4318 αὐτῷ
1066 4251 1127 4305 FR.

988 4356 1019 4404 ll
