3034 4896
579 215 796 276 ..23-

120 400 274 484 coniungi
295 419 366 466 cnm
389 421 439 478 oo,
457 401 543 484 qnod
559 399 653 466 modo
669 401 853 466 tractaverit
875 404 924 482 (ex
946 399 1006 466 hcc
1020 399 1141 484 eptem)
1169 403 1259 463 etex

117 503 182 568 hoo
202 503 276 586 ipso
297 503 426 587 probari
452 502 557 586 (fidem
573 502 714 584 ducere).
753 504 823 568 lem
838 509 875 568 ut
888 521 1002 567 versus
1019 503 1145 565 522-ss
1161 519 1260 565 occu·

118 605 221 672 ratius
244 607 510 691 contemplemur,
540 612 637 671 antea
665 605 918 672 demonstratum
944 611 1031 686 eret,
1066 603 1259 688 »primordie

120 727 225 772 rerum
248 707 340 774 finito
354 708 480 773 vomere
496 707 669 791 figurarum
685 707 808 773 ratione
815 733 843 770 c:
871 726 957 772 nuuc
974 704 1258 772 demonstrandum

119 817 173 876 est
193 809 368 894 primordia
389 829 497 876 rerum,

228 916 290 976 524
313 913 449 977 interce
471 913 570 976 simili
590 935 669 998 quae
691 921 764 976 ment
782 913 929 998 perfecta
938 911 1063 996 fiqurc,

312 1016 435 1102 infinite
457 1015 569 1080 oluere.
1161 1017 1163 1022 '

123 1117 227 1200 quue
249 1117 300 1182 fit:

237 1223 298 1285 525
649 1220 763 1284 etenim
785 1219 938 1284 demunt
960 1241 1029 1284 eum
1051 1219 1094 1283 cit

252 1330 254 1334 '
291 1325 479 1409 fcrmmm
488 1323 602 1408 finito,
626 1332 780 1388 necessest
801 1345 882 1408 qvae
904 1323 1021 1386 similes
1043 1322 1107 1385 sict

294 1449 360 1492 esse
381 1426 531 1511 irfins'tes.

122 1531 193 1595 Hoc
214 1530 313 1613 igitur
334 1530 381 1594 itu
403 1537 525 1595 tuntum
547 1530 698 1614 probetur
722 1528 826 1612 (tidem
843 1528 954 1609 ducit),
980 1527 1118 1593 utillud
1140 1533 1259 1594 rectum

119 1652 197 1700 esse
219 1639 361 1698 sumetur
388 1634 438 1717 (ex
460 1632 521 1698 hoc
544 1635 680 1716 aptum).

209 1735 303 1800 Nunc
332 1735 374 1800 sd
403 1753 516 1800 versus
540 1737 615 1798 478.
640 1739 660 1798 9
683 1733 886 1800 accedemus.
931 1732 1013 1798 Inde
1035 1753 1056 1798 a
1078 1752 1173 1798 versu
1196 1736 1259 1796 tot)

121 1856 226 1919 usque
247 1837 289 1901 ud
312 1841 372 1900 521
397 1836 459 1902 hoe
481 1837 698 1903 demensum
721 1837 790 1902 vult
810 1843 921 1920 poeta:
952 1834 1128 1919 primordia
1155 1855 1260 1901 rorum

120 1940 216 2004 finite
225 1941 349 2006 variare
360 1940 535 2022 figurarum
547 1939 681 2016 ratione
697 1945 920 2022 argumentum
933 1944 1038 2004 autem
1052 1957 1092 2004 ex
1104 1939 1261 2004 contrario

119 2043 304 2108 coniicitur:
329 2061 405 2107 nam
428 2043 492 2108 nisi
512 2041 687 2127 primordie
708 2041 807 2106 finitis
829 2041 941 2106 formis
964 2039 1119 2106 distantia
1137 2046 1257 2120 essent,

122 2145 282 2227 quaedem
304 2144 437 2210 immani
459 2145 656 2210 maximitate
679 2163 752 2211 esse
774 2142 910 2208 debere:
936 2142 1021 2224 qnod
1044 2141 1173 2227 probari
1196 2161 1258 2206 non

123 2267 221 2331 posse
243 2247 308 2312 ism
338 2267 436 2332 supra
466 2267 501 2313 se
526 2248 685 2312 docuisse.
732 2244 864 2323 Quibus¹
885 2245 991 2312 verbis
1018 2265 1082 2327 quo
1111 2245 1262 2328 respiciat

123 2351 302 2432 Lueretius,
328 2351 444 2416 certari
465 2357 587 2435 potest:
620 2349 653 2414 id
674 2357 784 2415 temen
807 2355 927 2414 certum
950 2355 1092 2439 osteum
1116 2369 1179 2413 non
1202 2347 1261 2412 niti

122 2454 158 2518 in
182 2473 223 2518 ea
245 2473 293 2533 re,
326 2473 422 2534 quam
447 2453 539 2518 modo
561 2453 679 2529 docuit,
705 2473 792 2530 cnm,
820 2471 916 2534 quem
942 2450 1127 2533 multigenis
1150 2449 1260 2515 formis

122 2555 300 2640 primordia
320 2555 469 2640 praedita
490 2561 611 2633 essent,
636 2560 811 2639 exponeret
839 2556 1043 2636 (333-477).

213 2658 279 2722 Inm
296 2678 371 2724 vero
387 2665 511 2723 constat
525 2665 558 2723 et
573 2660 700 2722 stt-8
716 2658 797 2722 bene
815 2676 887 2722 cum
904 2657 1067 2719 480-521
1090 2653 1262 2718 cohaerere

124 2780 303 2842 versusque
319 2764 394 2826 522.
406 2763 424 2824 3
439 2767 524 2826 recte
538 2760 662 2845 positos
675 2779 759 2839 csse,
773 2778 878 2840 neque
891 2751 1056 2822 too-521
1072 2775 1114 2821 ex
1126 2763 1193 2820 totu
1203 2753 1262 2817 illa

124 2863 165 2929 de
181 2861 293 2928 formis
307 2863 549 2947 primordiorum
565 2863 753 2944 quaestione
768 2860 902 2926 dissolvi
917 2879 1023 2944 posse.
1054 2857 1139 2922 Illud
1155 2862 1262 2920 autem

234 2967 320 3050 quod
340 2967 486 3050 qnoniam
509 2967 612 3043 domei,
632 2985 766 3048 perqam
789 2972 946 3027 conectere
969 2983 1034 3025 rem
1057 2981 1137 3045 quae

234 3091 273 3132 ee
294 3069 353 3131 hoc
373 3077 450 3151 apta
459 3068 564 3151 fidem
586 3069 681 3130 ducat

126 3171 203 3254 quio
223 3177 299 3235 aute
323 3173 384 3233 480
407 3189 592 3254 perversum
614 3174 681 3249 est,
705 3188 729 3233 u
749 3176 848 3252 poeto
870 3167 1021 3250 scriptum
1042 3183 1117 3228 esre
1141 3157 1263 3240 nequit.

212 3271 264 3337 Ad
286 3273 436 3337 lectorem
458 3291 535 3337 vcro
556 3279 615 3337 eut
635 3271 880 3354 grammaticum
895 3265 1182 3352 interpolationum
1198 3267 1268 3323 stu·

125 3377 251 3441 diosunr
267 3375 296 3440 si
312 3375 397 3440 hene
409 3375 611 3440 iterationem
627 3374 831 3454 referremus,
852 3371 1042 3438 sumendum
1058 3372 1148 3432 esset
1170 3361 1268 3425 ulium

126 3479 280 3544 transitus
302 3478 435 3544 sormam
458 3497 498 3543 ea
519 3479 687 3562 expulsam
709 3495 799 3554 esse;
830 3496 893 3558 quo
924 3479 1031 3538 autem
1055 3463 1194 3534 consilio
1217 3458 1269 3524 vel

125 3581 263 3665 margini
284 3580 450 3666 adscripta
472 3582 523 3646 vei
546 3581 737 3664 interpolate
760 3579 812 3660 sit,
838 3578 893 3643 vix
916 3575 1022 3640 dicos:
1049 3568 1095 3636 ed
1117 3565 1271 3630 editorem

125 3687 153 3750 si
175 3685 353 3762 referimus,
379 3683 501 3767 tingere
523 3701 713 3767 possumus,
747 3702 804 3760 ea,
829 3699 914 3762 quse
942 3675 1019 3740 inde
1043 3692 1065 3735 e
1087 3685 1189 3734 versu
1212 3661 1269 3722 481

129 3787 252 3871 scripta
274 3793 359 3865 snut,
385 3785 419 3849 iu
441 3783 538 3850 scidis
560 3791 675 3869 poetae
698 3804 761 3849 non
785 3783 865 3848 satis
888 3799 960 3846 cnm
984 3775 1045 3850 eis,
1074 3785 1163 3849 quse
1184 3764 1275 3824 autc-

127 3889 296 3966 cedebont,
316 3887 486 3952 coniuncto
501 3887 614 3966 fuisse,
634 3895 730 3968 atque
745 3867 945 3950 mannitionis
962 3868 1164 3943 efficiendae
1179 3875 1281 3926 causa

129 3992 284 4057 editorem
307 3990 381 4054 ilios
403 4009 517 4056 versus
541 4010 581 4056 ex
604 3993 678 4053 522.
705 3991 723 4053 3
746 3985 979 4069 desumpsisse.

214 4094 279 4159 Sed
302 4093 489 4178 priusquam
512 4091 555 4157 sd
577 4113 649 4158 cnm
672 4091 745 4156 libri
768 4088 863 4174 primi
884 4087 992 4150 locum
1010 4084 1195 4142 transeam,
1221 4073 1287 4137 (1¹¹⁰
