2998 4896
228 283 270 346 re
660 316 701 326 -
753 277 848 360 [216]
897 315 938 324 -

227 475 399 541 alibrario
423 475 560 559 quodam
583 479 731 538 exaratus
754 473 883 538 uidetur
901 491 977 547 esse,
1000 472 1055 555 qui
1078 492 1147 534 cum
1166 472 1206 535 de
1224 491 1282 536 sua
1299 471 1371 534 doc-

227 584 313 648 trina
334 582 502 665 quicquam
526 581 651 646 adicere
675 580 786 656 nollet,
814 579 882 644 sola
905 599 956 654 ea,
984 599 1063 662 quae
1087 579 1118 642 in
1143 577 1373 668 commentariis

226 711 323 774 supra
339 689 522 754 memoretis
542 687 674 752 collecta
692 685 823 762 inuenit,
843 686 875 750 in
893 684 1010 751 librum
1027 707 1120 749 suum
1142 684 1314 750 transtulit
1334 721 1371 730 ·-
1486 745 1487 774 ἦ

315 795 471 874 Quoniam
493 797 598 858 autern
622 792 760 858 uidimus
783 791 899 857 Suidae
929 813 1053 876 quoque
1080 791 1197 856 librum
1219 789 1374 876 quendam
1486 815 1487 880 1

227 903 475 984 manuscriptum
497 906 623 982 praesto
648 899 754 976 fuisse,
777 921 839 964 non
860 899 893 962 in
912 919 950 962 ea
968 898 1152 980 quaestione
1170 895 1374 972 uersabimur,
1486 887 1487 968 J

158 1047 160 1052 ,
228 1010 305 1092 quid
332 1030 371 1072 ex
393 1005 510 1074 Suidae
532 1005 791 1072 adnotationibus
818 1006 859 1071 ad
887 1007 1108 1088 grammaticos
1135 1003 1374 1078 Alexandrinos,
1411 1009 1416 1022 ’

228 1113 467 1188 Callimachum,
495 1112 752 1188 Eratosthenem,
781 1112 1025 1195 Aristophanem
1048 1110 1248 1195 Byzantium,
1276 1109 1374 1192 Lyco-

227 1221 404 1304 phrontem,
429 1220 606 1304 Didymum,
629 1217 857 1302 Symmachum,
880 1219 1038 1284 Phainum
1061 1218 1104 1282 sit
1122 1215 1322 1282 referendum
1344 1221 1375 1280 et
1486 1245 1487 1280 1

227 1327 304 1408 quid
328 1325 460 1408 siugulis
488 1348 526 1392 ex
554 1326 604 1390 his
630 1325 672 1390 sit
695 1325 953 1401 adtribuendum,
981 1324 1036 1389 sed
1061 1329 1168 1388 utrum
1191 1345 1229 1388 ca
1251 1343 1376 1405 quoque
1486 1395 1487 1410 χ

227 1431 359 1508 scholia,
392 1453 474 1514 quae
506 1431 619 1500 Suides
652 1454 690 1498 ex
722 1432 829 1498 codice
862 1431 1040 1498 fabularum
1073 1429 1375 1514 Aristophaoearum

227 1539 343 1604 heusta
361 1538 395 1602 in
413 1539 535 1604 lexicon
554 1561 645 1604 suum
660 1539 867 1616 transtulerit,
885 1538 1132 1623 Byzantinorum
1150 1536 1376 1602 additamentis

228 1645 394 1727 inquinata
407 1643 525 1708 fuerint
539 1665 646 1719 necne,
660 1651 726 1710 tum
740 1653 893 1728 quantum
909 1668 947 1710 ex
962 1645 1173 1710 uetustiorum
1186 1641 1376 1710 scholiorum

228 1752 378 1816 thesauro
411 1752 444 1814 in
472 1750 588 1816 Suidae
617 1751 716 1816 lexico
745 1758 905 1818 seruatum
934 1751 989 1826 sit,
1021 1758 1054 1815 et
1081 1773 1156 1814 num
1186 1749 1377 1815 scholiorum
1486 1805 1487 1836 ἶ

227 1857 330 1922 forma
352 1877 372 1922 a
394 1857 554 1922 codicibus
574 1857 814 1941 Aristophaueis
837 1879 876 1922 ex
899 1859 1013 1942 quibus
1033 1857 1153 1922 scholia
1170 1857 1377 1920 innotuerunt
1486 1911 1487 1944 ,

228 1964 398 2046 discrepet,
426 1962 561 2046 denique
588 1984 664 2028 num
690 1971 775 2029 recte
803 1963 953 2030 iudicarit
975 1963 1201 2048 Bernhardyus
1229 1984 1300 2028 cum
1328 1961 1376 2026 di-

228 2073 314 2136 ceret
324 2068 363 2154 1):
392 2067 548 2144 „Endlicb
576 2063 627 2132 los
649 2067 770 2134 Saldae
798 2072 859 2136 dou
886 2091 920 2134 so
945 2071 1117 2152 redipirtm
1141 2070 1263 2134 Sturum
1285 2071 1377 2150 puter

227 2176 371 2242 Scholion
406 2177 443 2238 ia
475 2176 573 2237 0111001
605 2177 748 2240 remeet
780 2177 966 2256 Eaernplor,
1004 2176 1131 2241 welches
1163 2175 1248 2242 nield
1280 2174 1376 2240 sdten
1486 2171 1487 2176 ’

228 2281 309 2347 auct
333 2281 562 2362 vollstdndipcr
584 2290 687 2346 war.“

633 2511 769 2575 onevr
793 2511 970 2575 10111111.

751 2691 771 2770 s
794 2691 846 2753 ro.

318 2848 447 2914 Suidam
472 2869 562 2912 usum
591 2869 658 2912 esse
682 2847 789 2912 codice
813 2848 1045 2932 Aristophaneo
1068 2849 1196 2914 scholiis
1220 2850 1375 2913 instructo

228 2961 355 3038 praeter
387 2954 465 3019 illud
497 2956 576 3037 Σχο.
610 2953 732 3035 glossas
764 2957 956 3040 Βληχωνὶα,
988 2955 1041 3019 ubi
1075 2957 1181 3038 agitur
1212 2955 1253 3020 de
1285 2955 1377 3020 Pacis

229 3081 275 3125 vv.
300 3061 498 3137 mut-712,
525 3057 700 3142 praefixum
728 3061 842 3125 docent
867 3061 1022 3144 imprimis
1045 3063 1075 3127 ei
1097 3061 1171 3137 loci,
1199 3061 1314 3145 quibus
1337 3081 1376 3125 ex

229 3167 348 3232 scholio
375 3168 536 3249 adscripto
565 3167 690 3250 singula
717 3166 817 3230 uerba
844 3167 877 3231 in
904 3175 1027 3232 textum
1049 3169 1258 3251 irrepserunt3
1288 3169 1377 3232 ouius

229 3273 275 3336 rei
299 3273 443 3355 exempla
466 3294 504 3336 ex
523 3273 691 3358 Equitibus
719 3279 751 3336 et
769 3272 947 3356 Lysistrata
965 3295 1061 3358 supra
1078 3275 1238 3340 adnotaui.
1275 3275 1377 3338 Erant

229 3378 290 3442 bae
327 3399 402 3443 sane
434 3378 556 3462 glossae
589 3379 815 3444 interlineares.
870 3379 936 3444 Nec
967 3379 1105 3445 1101111880
1137 3382 1256 3464 glossas
1292 3403 1377 3445 mar-

229 3485 350 3567 ginales
379 3505 459 3567 quae
488 3490 642 3549 cocuntur
669 3486 769 3550 codici
798 3487 826 3549 ei
855 3507 949 3568 quem
975 3485 1090 3551 Suidas
1114 3487 1146 3550 in
1171 3489 1376 3570 excerpendis

229 3587 345 3656 fabulis
368 3591 609 3674 Aristophanem
641 3587 789 3657 adhibuit
821 3592 1104 3660 innumerabilibus
1136 3594 1203 3658 fere
1232 3615 1374 3678 compro-

229 3696 324 3760 batur
361 3696 451 3774 locis,
487 3697 601 3780 quibus
634 3697 791 3781 longiores
824 3699 1048 3783 explicationes
1080 3700 1223 3766 uersibus
1252 3698 1376 3764 Aristo·

229 3801 360 3885 phaneis
393 3802 605 3880 subiciuntur,
638 3824 720 3886 quae
752 3806 881 3870 eaedem
912 3807 952 3870 ad
985 3807 1119 3870 uerbum
1151 3807 1185 3870 in
1217 3805 1261 3870 eis
1290 3806 1375 3871 ccdi-

230 3909 318 3973 cibus
341 3909 498 3993 leguntur,
522 3933 560 3975 ex
583 3911 699 3994 quibus
722 3911 842 3976 scholia
865 3911 993 3996 collegit
1013 3919 1044 3977 et
1064 3913 1219 3996 disposuit
1238 3913 1275 3978 G.
1295 3913 1374 3976 Din-

230 4013 357 4080 dorfius.
403 4015 498 4082 Caret
528 4024 634 4082 autem
662 4017 778 4082 Suidae
807 4019 927 4082 citandi
954 4019 1066 4084 modus
1093 4042 1156 4084 non
1184 4041 1257 4084 raro
1289 4026 1376 4083 certa

230 4112 353 4187 ratione
379 4119 533 4207 firmoque
560 4124 704 4200 consilio,
731 4129 843 4206 utpote
866 4125 921 4209 qui
946 4133 1016 4190 tum
1037 4126 1093 4189 11111
1115 4126 1238 4209 glossae
1261 4125 1374 4192 cohor-

302 4336 321 4400 l)
340 4333 412 4388 Η181.
432 4334 499 4388 Litt.
519 4335 616 4389 Graec.
637 4335 677 4388 11³
695 4337 720 4400 2,
741 4336 801 4391 674.
