2998 4896
265 327 309 392 ιο
706 363 746 372 -
795 322 886 412 [190]
933 363 975 372 -

356 520 406 585 Ad
425 541 451 582 v.
473 519 535 584 163
555 520 712 584 διεκίνιυν
723 521 748 604 ²)
772 517 886 584 Snides
909 519 1071 600 aptissime
1093 518 1185 584 addit
1206 517 1289 582 hauc
1312 519 1404 600 expli·

266 625 435 690 ontionem:
467 617 543 689 άντὶ
574 631 637 690 τοῦ
667 626 796 710 μίτραις
828 611 981 689 revetere
1013 620 1134 706 ζώναις
1167 619 1404 706 διαζωσάμενοι

266 724 377 816 ἁβρῶς
394 727 623 816 περιεπάτουν
642 731 684 816 (R
702 730 783 794 nihil
802 730 931 796 exhibet
953 731 1014 796 nisi
1038 722 1177 816 άβρῶς);
1201 751 1274 794 nam
1297 730 1405 794 donent

266 838 442 920 Agathonis
464 837 564 902 uerba
586 837 677 902 initio
701 837 854 902 orationis
876 857 922 900 vr.
949 837 1010 900 159
1037 837 1100 900 160

497 953 606 1037 ἄλλως
628 951 659 1024 τ’
682 953 832 1044 ἄμουσόν
855 957 924 1024 ἐστι
947 952 1091 1046 ποιητὴν
1113 959 1197 1025 ίδεῑν

498 1058 633 1151 ἀγρεῖον
657 1059 741 1131 ὄντα
763 1068 820 1130 καὶ
844 1061 948 1130 δασύν

266 1195 298 1253 et
325 1210 406 1272 qnae
433 1191 466 1253 in
494 1211 520 1254 v.
548 1189 610 1254 165
638 1190 677 1254 de
705 1188 884 1274 Phrynicho
912 1190 1060 1254 dicuntur
1088 1191 1145 1253 καί
1174 1193 1285 1266 καλῶς
1313 1182 1405 1276 ἠμπί-

267 1311 373 1376 σχετο,
396 1295 521 1361 mollem
546 1299 578 1358 et
601 1295 796 1360 luxuriosum
818 1295 971 1360 uestitum
993 1295 1082 1359 illum
1106 1315 1263 1360 excusare.
1309 1295 1407 1373 Quam

266 1399 306 1464 ob
334 1421 400 1464 rem
433 1402 620 1465 coniecturis
653 1422 730 1485 quas
762 1407 993 1484 proposuerunt
1023 1401 1086 1465 uiri
1119 1402 1204 1465 docti
1236 1400 1431 1486 Toupius²)'

267 1499 1407 1592 oreximvr',Dorvillius³)drexvoev(quodprobatDiodorfins)praestet

266 1612 433 1678 Fritzsehii
454 1612 635 1696 διεχλίδων,
654 1613 714 1676 nisi
733 1613 817 1696 quod
836 1612 953 1678 rectius
968 1611 1180 1700 Meinekius4)
1199 1635 1235 1677 τε
1253 1613 1409 1696 particule

265 1724 392 1782 seruata
424 1741 460 1782 τε
492 1711 660 1802 κάχλίδαιν
689 1717 890 1783 scribendum
917 1739 984 1784 esse
1011 1721 1147 1796 monuit,
1179 1719 1274 1804 idque
1301 1719 1410 1784 arrisit

266 1823 408 1888 Velseno.

354 1951 381 1993 v.
406 1929 469 1993 196
499 1950 537 1993 ex
560 1928 659 1994 Suida
685 1931 774 2012 prius
802 1921 844 1994 άν
867 1930 1074 2013 Aristophani
1101 1930 1311 1996 reddiderunt
1333 1930 1409 1996 Por-

266 2055 360 2102 sonus
392 2039 425 2100 et
456 2035 595 2100 Koe'nius
627 2035 667 2100 ad
702 2035 832 2120 Gregor.
865 2035 1006 2101 Corinth.
1033 2058 1084 2120 pg.
1111 2036 1168 2114 44,
1200 2057 1279 2120 quos
1310 2039 1410 2102 secuti

266 2147 340 2207 sunt
368 2141 506 2206 editores
538 2142 729 2206 recentiores
757 2146 883 2206 seruato
911 2143 1032 2207 seilicet
1064 2134 1106 2206 άν
1133 2143 1336 2224 posteriore..
1368 2144 1410 2207 At

265 2269 336 2312 oum
358 2247 442 2330 apud
467 2245 597 2311 Suidem
620 2247 692 2311 aliis
718 2248 808 2324 locis,
836 2247 892 2311 ubi
919 2250 1002 2330 apud
1028 2248 1270 2330 Aristophanem
1294 2249 1410 2332 duplex

266 2348 308 2417 ἂν
327 2353 489 2437 legitur-⁶),
511 2353 668 2435 posterius
687 2345 729 2416 άν
748 2353 851 2418 omitti
876 2355 984 2430 soleat,
1008 2356 1104 2418 etiam
1126 2354 1187 2419 hoo
1208 2355 1276 2418 ioco
1295 2355 1410 2419 eieien·

266 2459 339 2522 dum
364 2478 432 2522 esse
455 2459 609 2522 Knsterus
632 2459 754 2524 censuit
782 2466 814 2523 et
841 2451 884 2523 άν
905 2460 1109 2544 μαινοίμεθα
1136 2481 1194 2543 pro
1218 2453 1260 2524 άν
1282 2462 1409 2544 μαινοί-

265 2555 342 2647 μεθ’
365 2556 407 2626 tv
431 2564 636 2647 Aristophani
664 2565 894 2630 restituendum
926 2567 1060 2648 putauit.
1110 2563 1257 2630 Ceterum
1286 2567 1325 2630 de
1353 2567 1410 2632 dn-

266 2670 356 2753 pliois
392 2661 435 2734 άυ
474 2690 534 2734 nsn
571 2677 604 2734 et
640 2671 742 2752 pretio
780 2671 817 2734 cf.
859 2671 895 2735 G.
928 2671 1143 2736 Hermannnm
1184 2673 1224 2735 ad
1258 2671 1409 2755 Vigerum

265 2795 315 2858 pg.
341 2777 405 2840 814
429 2796 495 2857 sqq.
519 2782 552 2839 et
573 2775 745 2858 Reisigium
769 2777 802 2860 in
825 2775 976 2840 Oenieett.
1000 2799 1049 2860 pg.
1077 2779 1137 2843 187
1165 2777 1237 2842 188.

356 2881 392 2944 In
416 2902 442 2945 v.
463 2881 526 2944 257
551 2873 649 2966 ἥδιον
672 2882 755 2964 quod
780 2883 865 2965 apud
889 2881 1019 2947 Snidam
1041 2903 1190 2965 peruerse
1213 2882 1330 2965 legitur
1353 2905 1409 2966 pro
1492 2863 1493 2944 i

266 2979 321 3050 tu
344 2988 391 3051 ita
413 2987 546 3052 fortasse
567 2994 671 3051 ortum
690 2994 748 3064 ost,
771 2994 808 3051 ut
831 2987 980 3051 librarius
1003 2995 1168 3053 eoeentnm
1187 3009 1316 3071 grauem
1337 3011 1409 3055 casu
1492 2969 1493 3001 ί

266 3093 440 3174 longiorem
463 3092 581 3156 iactum
605 3113 662 3174 pro
686 3100 761 3156 uota
784 3113 821 3156 ea
844 3095 1014 3176 acciperet,
1042 3115 1105 3177 qua
1127 3115 1181 3158 -ον
1205 3094 1287 3158 solet
1313 3095 1410 3179 signi-

266 3196 354 3262 ficari
377 3219 397 3262 a
419 3197 652 3282 taohygrephis.

354 3303 472 3368 Versus
504 3305 566 3368 261
602 3303 683 3368 duae
715 3311 825 3368 extant
856 3305 941 3387 apud
973 3304 1103 3370 Suidam
1140 3305 1272 3382 formae,
1309 3307 1411 3372 altere

267 3431 289 3475 s.
313 3410 352 3492 gl.
370 3402 565 3492 ’Ἐγκυκλονι

368 3507 445 3600 Φέρ’
469 3510 633 3598 ἔγκυκλον
657 3517 761 3579 τουτί.
808 3507 958 3599 Δάμβαν’
982 3508 1051 3598 άπὸ
1074 3505 1136 3603 τῆς
1155 3519 1313 3598 κλινίδος,

266 3623 369 3688 alteia
390 3643 413 3685 s.
436 3621 477 3705 gl.
501 3621 629 3698 Κλινίςι

385 3760 417 3780 υ
435 3720 627 3810 Ἔγκυκλον.
679 3729 777 3793 Τουτὶ
799 3720 938 3812 λάμβαν’
962 3719 1030 3794 άπὸ
1053 3735 1111 3816 τῆς
1133 3729 1291 3808 κλινίδος,

268 3889 479 3898 -ι-ι-

341 3995 359 4056 ¹)
378 3991 418 4046 sic
438 4009 457 4045 s.
477 3992 513 4060 gl.
533 3986 738 4063 Ἐμιτριάυοιτος
757 4008 777 4046 s.
796 3992 833 4061 gl.
852 3987 980 4056 Ἰωνικὸς·
1000 3995 1148 4048 διεκίυουν.

340 4081 360 4146 ⁹)
379 4081 513 4135 Emendd.
533 4097 579 4150 pg.
599 4083 649 4136 166
669 4081 711 4136 ed.
731 4080 815 4136 Oxou.

341 4169 361 4234 ³)
379 4170 415 4224 ad
435 4169 611 4223 Charitonem
630 4186 674 4238 pg.
694 4170 754 4224 560.

339 4257 359 4322 ⁴)
378 4257 479 4312 Vindd.
498 4257 638 4327 Aristoph.
659 4275 703 4326 pg.
724 4258 783 4311 149.

339 4345 361 4414 ⁶)
380 4345 467 4399 ueluti
487 4346 538 4413 Eq.
560 4347 635 4400 1168.
675 4347 736 4415 Lys.
757 4347 810 4402 115
830 4348 880 4400 116
900 4347 960 4400 361.
