3006 4892
697 327 913 387 ..70-

233 511 470 577 demonstratur
492 531 547 578 eos
570 512 603 576 in
620 531 703 590 eum,
726 513 955 597 corregnator,
975 512 1204 578 sententiarum
1220 530 1377 576 conexum

234 635 298 678 non
321 613 491 698 quadrare.

321 721 424 801 Atque
439 717 503 784 iam
519 716 691 802 BrIegerus
712 718 879 801 [Philolog.
895 718 1018 794 XXIII,
1037 723 1100 784 456
1117 721 1200 800 sqq.)
1228 724 1260 783 et
1278 718 1375 784 Stne-

235 820 425 904 renburgius
446 827 679 905 perspexerant
701 819 796 886 finem
818 821 972 905 prooemii
999 820 1072 886 iibri
1096 820 1190 905 primi
1212 840 1277 886 nou
1299 839 1375 886 esse

234 942 360 1005 sanum,
395 922 472 1006 quie
499 924 598 989 verba
627 924 709 988 bunc
735 923 833 1008 ἱρέων
856 932 1007 988 terrorem
1030 923 1131 988 animi
1149 947 1175 988 e.
1202 946 1231 1008 q.
1258 946 1283 987 s.
1310 944 1374 988 nou

236 1033 321 1092 recte
352 1025 516 1112 excipient
544 1046 655 1093 versus
689 1031 847 1104 rue-45,
872 1027 906 1092 in
931 1027 1046 1110 quibus
1069 1024 1109 1092 de
1132 1032 1252 1092 terrore
1275 1027 1374 1091 animi

234 1130 438 1213 tenebrIsque
474 1149 578 1196 sermo
615 1149 678 1196 non
713 1129 785 1210 fian
817 1129 891 1212 sed,
925 1129 1011 1213 qnod
1039 1130 1145 1208 miror,
1179 1137 1311 1213 uterque
1343 1129 1376 1194 in

238 1236 384 1298 reo-45
397 1251 528 1300 eausam
539 1233 609 1300 eins
620 1233 728 1300 mendi
740 1251 812 1300 esse
824 1233 934 1312 voluit,
950 1233 1066 1317 quibus
1078 1232 1224 1299 versibus
1237 1232 1374 1299 seclusis

235 1336 318 1400 bunc
330 1335 428 1421 ἐρίων
441 1345 590 1400 terrorem
600 1336 702 1400 animi
712 1337 913 1421 tenebraeque
924 1336 967 1402 ad
979 1335 1077 1402 verbe
1089 1345 1120 1400 et
1130 1359 1209 1421 quae
1220 1358 1272 1400 rea
1286 1337 1375 1400 nobis·

235 1438 437 1524 cipilcntibus
467 1439 558 1504 oboe'e
585 1447 700 1504 mentes
729 1439 881 1524 terrificet
906 1439 1013 1503 morbo
1042 1439 1179 1526 calfactae
1209 1461 1375 1524 somnoque

233 1543 367 1626 sepultis
383 1545 465 1620 (132.
483 1545 512 1625 3)
530 1543 610 1608 bene
621 1548 813 1627 spectarent.
844 1541 909 1608 Sed
920 1542 1106 1625 omiserunt,
1122 1563 1194 1608 eum
1208 1551 1372 1623 terrorem,

234 1666 297 1728 quo
319 1644 488 1724 afficimur,
513 1645 541 1710 si
556 1665 726 1729 aegrorum
741 1645 1007 1712 dormientiumve
1023 1647 1180 1713 mentibus
1197 1647 1371 1728 simulacra

236 1755 430 1814 mortuorum
453 1747 548 1814 obvia
569 1747 663 1829 iiuut,
690 1767 731 1813 ne
753 1753 887 1814 naturae
908 1747 1036 1831 quidem
1060 1747 1167 1833 speeie
1190 1768 1229 1814 ac
1251 1748 1378 1815 ratione

233 1850 351 1918 dIscuti
373 1870 477 1936 posse,
504 1850 655 1934 quoniam
684 1851 718 1915 in
747 1849 889 1917 febribus
915 1850 1111 1933 somniisque
1134 1850 1227 1917 nobis
1250 1851 1380 1935 obrepit

234 1951 344 2018 Invitis
372 1953 566 2035 nesciisqnc.
619 1951 709 2018 Nihil
744 1952 843 2040 igitur
874 1952 1035 2019 lucramur
1065 1953 1200 2020 seclusis
1228 1954 1379 2020 versibus

239 2059 396 2121 136-45.
444 2055 509 2122 Sed
531 2055 696 2141 praeteriit
723 2055 797 2122 illos
819 2055 917 2122 etiam
939 2075 991 2122 res
1013 2055 1098 2122 unde
1128 2057 1234 2123 elucet
1263 2076 1380 2123 versus

239 2161 363 2224 leb-8
379 2158 464 2224 male
479 2157 617 2225 insertos
632 2176 715 2226 esse.
756 2158 920 2225 Habemus
935 2159 1032 2240 enim,
1051 2159 1080 2225 si
1103 2159 1248 2226 codicum
1264 2159 1379 2226 lectio-

235 2282 308 2328 nem
331 2262 502 2345 sequimur,
529 2261 623 2328 haee:

675 2373 808 2429 naturae
829 2366 947 2449 species
968 2365 1122 2450 ratioque,

406 2466 601 2551 princepiem
623 2467 711 2531 coiea
733 2464 806 2531 binc
828 2469 915 2532 nobas
936 2469 1067 2534 exordia
1088 2477 1198 2534 sumet.

234 2571 323 2634 enies
352 2571 394 2635 ad
422 2570 504 2634 ratio
534 2571 636 2636 solum
665 2570 785 2638 referre
806 2570 970 2654 debemus,
996 2571 1073 2655 quia
1094 2572 1210 2656 specim
1232 2573 1376 2656 ratioque

236 2694 298 2740 non
324 2681 430 2759 potest
459 2693 516 2758 per
544 2672 761 2759 hendiadyoin
790 2675 904 2760 accipi,
930 2695 1002 2741 cum
1025 2695 1046 2740 a
1068 2675 1183 2758 sperica
1205 2675 1375 2759 genetisus

235 2785 370 2840 carcerae
392 2776 545 2861 pendeat3
571 2776 604 2842 id
628 2796 714 2855 vero,
741 2777 834 2857 ratio,
858 2777 951 2844 euius
973 2777 1163 2863 principium
1186 2776 1263 2844 hine
1285 2777 1375 2844 nobis

235 2880 368 2947 exordia
390 2887 495 2946 sumet
523 2879 604 2964 (odie
627 2880 794 2962 vamensi,
821 2881 918 2948 deren
941 2879 1074 2965 Aniang
1094 2879 1269 2964 folgenden
1292 2881 1376 2946 Aus-

234 2983 445 3068 gangspunirt
459 2984 595 3050 nehmen
612 2983 696 3068 sollo]
718 2983 892 3050 absurdum
914 2991 973 3050 cst.
1011 2984 1155 3050 SublatIs
1178 2990 1286 3050 antem
1310 2984 1374 3049 iilis

234 3087 382 3153 versibus
405 3087 502 3153 verba

406 3190 601 3276 princepe‘um
622 3191 710 3254 euius
732 3189 804 3254 dinc
826 3190 915 3254 nobie
937 3190 1067 3254 ceordic
1088 3198 1188 3254 uomet

237 3293 319 3359 bene
341 3292 520 3359 reseruntur
542 3293 585 3358 ad
607 3315 666 3378 qua
689 3293 827 3358 carmine
849 3294 972 3357 mum
1000 3295 1100 3376 (143).

321 3394 412 3473 Quae
434 3415 505 3461 cum
528 3397 574 3462 ita
596 3396 676 3479 sint,
714 3416 787 3464 cum
809 3414 922 3462 versus
947 3399 1085 3461 ree-8
1109 3415 1221 3480 perse
1244 3398 1372 3481 plenum

235 3519 366 3566 sensum
395 3519 457 3566 non
487 3498 630 3566 efficiant
658 3505 691 3566 et
718 3499 909 3566 sententiam
946 3499 1278 3582 constructionemque
1306 3501 1372 3566 eius

235 3601 308 3681 loci,
335 3601 389 3668 ubi
411 3602 569 3686 leguntur,
596 3603 799 3687 perturbent,
832 3599 911 3668 mibi
939 3621 1129 3686 persuasum
1157 3609 1207 3667 est
1235 3621 1291 3668 eos
1313 3621 1372 3667 non

235 3726 258 3771 a
279 3711 376 3791 poeta
390 3705 543 3790 repetitos
559 3724 642 3772 esse.
683 3706 732 3771 Ab
747 3705 870 3771 editore
884 3712 1051 3790 propterea
1066 3723 1123 3770 eos
1138 3723 1201 3770 non
1217 3703 1371 3789 proficisci

235 3816 323 3894 puto,
349 3809 434 3892 qnod
457 3828 611 3875 conexum
634 3806 730 3876 huius
753 3807 815 3874 Ioci
839 3809 977 3890 turbant,
1010 3827 1114 3890 neque
1135 3807 1265 3874 omnino
1287 3807 1372 3890 quic-

234 3932 331 3996 quam
360 3913 394 3977 in
422 3911 469 3978 eis
500 3911 656 3992 versibus,
686 3931 767 3995 quos
789 3918 886 3995 poeta
907 3910 1088 3993 reliquerat,
1115 3909 1367 3976 desiderabatur.

237 4019 284 4081 Ae
300 4035 340 4082 ne
355 4015 395 4082 de
411 4015 530 4082 lectore
544 4015 736 4100 philosopho
749 4013 878 4098 quidem
897 4014 1120 4097 cogitabimus.
1162 4013 1227 4080 Sed
1249 4012 1371 4098 repetiit

238 4139 296 4185 eos
312 4139 425 4185 versus
447 4119 504 4185 ille
527 4118 765 4204 grammaticus,
791 4137 872 4200 quos
894 4117 927 4182 in
944 4118 1045 4182 tribus
1060 4116 1229 4202 prooemiis
1248 4123 1369 4183 exstare

240 4221 389 4304 vidisset,
417 4241 472 4288 eos
495 4221 590 4288 etiam
614 4221 647 4287 in
670 4220 732 4288 hoe
754 4221 834 4286 libro
856 4221 1029 4305 placituros
1052 4221 1240 4286 arbitratus:
1267 4216 1365 4284 omisit
