3006 4892
235 335 277 395 oo
673 370 714 380 -
761 335 846 417 μοι]
892 369 936 380 -

235 520 330 588 certo
352 525 469 602 autom,
495 517 524 586 ni
545 520 623 604 quid
644 520 750 604 video,
782 537 839 587 nox
861 521 941 587 iooin
959 519 1164 587 Florentinus
1185 525 1219 586 εί
1240 517 1383 602 volgum

234 641 275 688 ex
297 621 509 689 Ambroniono
532 621 754 707 oomiguntur:

320 745 352 809 p.
373 726 479 790 486444
502 717 566 790 κᾶν
588 723 720 802 τούτοις
743 725 780 790 δὲ
803 719 919 802 αὐτοῖς
941 719 1090 807 ἀμείνων
1111 722 1183 790 ἐστὶ
1205 721 1247 788 τδ
1267 719 1386 808 μικρὰ

235 827 292 891 καὶ
314 824 494 914 παράδοξα
517 828 574 892 καί
597 822 713 913 ύπορα
735 827 847 894 εἰπεῖν
868 827 976 904 καλῶς
998 821 1019 914 ἢ
1039 824 1083 891 τὰ
1103 824 1268 911 μεγάλα
1297 827 1386 890 καὶ

235 926 369 1011 σεμνὰ
396 927 515 1013 [σεμνὰ
537 931 594 994 καί
615 927 745 1015 μεγάλα
761 931 832 1014 ΡΒ]
860 930 918 994 καί
939 925 1070 1014 εὔπορα
1093 928 1253 1004 δυνατῶς.

320 1052 352 1116 p.
372 1036 478 1098 494444
501 1039 597 1118 τριχῇ
619 1033 656 1098 δὲ
678 1037 914 1120 νενεμημένων
933 1029 1064 1098 τούτων
1078 1031 1127 1108 είς
1148 1053 1185 1096 τε
1204 1027 1243 1095 τὸ
1259 1036 1389 1116 πρᾶγ-

185 1139 190 1150 ’
234 1158 283 1215 μα
306 1135 362 1198 καί
385 1133 422 1199 τὸ
447 1123 556 1222 ἦθος
578 1136 649 1200 καί
671 1132 715 1200 τὸ
740 1133 887 1214 πάθος
906 1133 1035 1220 [πάθος
1056 1130 1167 1200 καὶτὸ
1185 1123 1385 1222 ἦθοςΓΒῘ.

234 1236 284 1302 Of.
310 1257 343 1321 p.
362 1239 437 1302 4951
461 1236 602 1313 καὶτὰς
625 1235 660 1303 ἐκ
683 1245 749 1304 τῶν
770 1233 887 1326 ἠθῶν
908 1237 945 1304 δέ
967 1238 1099 1320 (Boion,
1126 1260 1163 1321 γε
1178 1236 1283 1320 codd.)
1313 1241 1391 1301 πί-

233 1359 333 1414 στεις.
375 1343 450 1403 4964
476 1341 556 1426 περὶ
578 1339 679 1406 δὲτὰ
701 1337 821 1428 πάθη
844 1338 1090 1424 μαλακώτερος.

320 1461 351 1525 p.
371 1442 477 1507 48812s
501 1440 536 1507 ἐκ
560 1449 626 1509 τῶν
655 1442 834 1510 δικανικῶν
863 1439 968 1530 αὐτὴν
994 1444 1125 1526 μᾶλλον
1152 1439 1262 1526 λόγων
1288 1437 1311 1528 ἢ
1344 1441 1388 1508 ἐτι

234 1549 300 1608 τῶν
328 1545 713 1626 συμβουλευτικῶν
740 1569 783 1612 τε
813 1547 885 1611 καί
915 1552 1221 1632 πανηγυρικῶν
1246 1547 1390 1632 [πανη-

235 1653 379 1730 γυρικῶν
399 1669 436 1712 τε
459 1648 516 1712 καί
538 1649 829 1730 συμβουλευτικῶν
843 1649 916 1732 PR]
943 1653 1123 1714 σκοπείτω.
1170 1647 1219 1713 Oi.
1244 1651 1389 1732 possa

235 1746 272 1813 τό
295 1772 331 1813 τε
354 1748 528 1816 δικανικὸν
557 1747 675 1816 καὶτὸ
699 1749 985 1834 συμβουλευτικὸν
1013 1752 1071 1816 καὶ
1099 1747 1137 1816 τὸ
1160 1747 1390 1832 καλούμενον

234 1849 461 1919 ἐπιδεικτικὸν
482 1848 502 1940 ἢ
524 1852 766 1941 πανηγυρικόν.
1078 1913 1080 1918 .

320 1976 351 2040 p.
371 1959 463 2021 49644
485 1953 524 2022 τὸ
547 1956 585 2022 δὲ
608 1955 805 2044 παθητικὸν
827 1955 950 2040 ἐκεῖνο,
985 1954 1021 2024 ἐν
1042 1947 1070 2042 ᾧ
1091 1954 1302 2042 παράκλησίς
1342 1981 1388 2023 τε

235 2058 292 2122 καί
314 2057 462 2146 δέησις
484 2059 556 2126 καὶ
576 2058 699 2136 ἔλεος
722 2058 826 2143 [ἔλεος
848 2061 905 2125 καί
926 2059 1040 2147 δέησις
1054 2060 1126 2143 ΡΗ]
1155 2109 1163 2124 .
1183 2109 1192 2122 .
1213 2109 1220 2123 .
1243 2056 1386 2126 ἔνεστι.

232 2159 340 2226 Verbo
362 2159 574 2248 παράκλησίς
595 2185 631 2227 τε
654 2163 710 2227 καί
732 2161 846 2250 δέησις
872 2162 980 2247 optino
1008 2162 1244 2246 ooninnguntur
1269 2181 1388 2244 quam

233 2259 444 2350 παράκλησίς
465 2288 500 2329 τε
523 2265 581 2328 καί
602 2262 706 2341 ἔλεος.

317 2386 351 2450 p.
377 2369 468 2431 59644
502 2363 540 2431 τὸ
575 2365 817 2451 ἐπιλεγόμενον
854 2365 962 2452 τούτῳ
996 2365 1046 2431 ἐτι
1078 2367 1208 2450 μᾶλλον
1240 2359 1388 2432 ‹inord-
1501 2441 1502 2452 .

233 2487 353 2533 σκευον
375 2461 492 2533 εἶναι
514 2474 722 2556 φαίνεται
748 2472 919 2555 [φαίνεται
941 2463 1029 2535 εἶναι
1051 2467 1140 2552 Flo.
1187 2467 1387 2536 Hiamnex-
1501 2493 1502 2570 η

233 2569 326 2652 pulso
348 2571 553 2637 Ambrosiani
574 2572 670 2638 lectio
692 2570 943 2638 commendatur.

319 2694 352 2759 p.
373 2677 465 2738 47144
495 2671 671 2740 πάντων
701 2667 832 2740 αὐτὸν
862 2666 979 2739 εἶναι
1009 2669 1203 2760 ρητόρων
1227 2676 1385 2736 πιθα-

232 2772 425 2841 νώτατον
447 2777 497 2840 M:
529 2773 670 2842 πάντων
699 2772 852 2863 ῥητόρων
874 2768 979 2841 αὐτὸν
1007 2769 1096 2841 εἶναι
1125 2771 1386 2844 πιθανώτατον

232 2876 303 2942 FR.
351 2877 560 2945 Artificiosior
574 2880 741 2945 verborum
763 2879 798 2945 in
811 2878 1025 2944 Ambrosiano
1046 2878 1231 2963 compositio
1252 2881 1385 2962 genni-

230 2981 306 3047 tatis
328 2982 468 3066 speciem
490 3001 569 3066 prae
591 3000 626 3048 oe
650 2981 723 3047 fert.

316 3083 397 3151 Tres
430 3091 555 3150 restant
587 3084 667 3166 looi,
705 3103 802 3166 qnos,
844 3103 915 3150 oum
947 3083 983 3147 in
1017 3083 1132 3150 cetenis
1161 3081 1382 3152 Ambrosiani
1500 3079 1501 3150 3

231 3185 450 3252 auctoritatem
474 3187 727 3270 cognoverimus,
754 3207 795 3252 ox
810 3185 923 3252 eodem
946 3184 1138 3252 constituere
1159 3205 1224 3251 non
1243 3185 1377 3254 dubito.

317 3310 349 3373 p.
368 3291 474 3354 469424
497 3290 553 3354 καὶ
572 3286 634 3375 γὰρ
651 3283 763 3375 ἡλικίᾳ
785 3289 842 3352 καὶ
857 3293 946 3373 γένει
968 3289 1026 3352 καὶ
1048 3285 1381 3374 ἐπιτηδεύματι

232 3391 304 3455 καὶ
326 3391 508 3478 παιδείᾳ
535 3390 685 3475 [παιδείᾳ
707 3391 765 3456 καὶ
788 3387 1030 3478 ἐπιτηδεύματι
1051 3390 1137 3472 Flu.

317 3515 350 3579 p.
369 3498 475 3560 596ms
496 3487 692 3582 ὑψηλότερα
715 3490 778 3580 γάρ
800 3491 949 3559 ἐστικαὶ
971 3485 1072 3582 ἦττον
1095 3486 1379 3579 ἀφελέστερα

231 3595 410 3664 ἐκείνων
436 3595 584 3681 [ἐκείνων
610 3591 819 3684 ἂιγελέστερα
841 3595 927 3679 Flo.

317 3722 351 3786 p.
370 3705 462 3766 64844
485 3697 537 3777 οἷς
560 3699 595 3765 δὲ
618 3703 761 3782 βεβαίας
792 3704 976 3785 ποιῆσαι
1001 3694 1213 3803 βούλεται
1240 3695 1380 3782 [βούλε-
1499 3689 1500 3694 ¹

231 3829 286 3869 τοι
309 3803 536 3891 ποιῆσαιΡΒ]
565 3801 625 3878 τὰς
647 3805 845 3886 μαρτυρίας.

768 3981 823 4044 IV.

316 4114 455 4197 Volgota
477 4111 666 4177 emendatur
688 4108 873 4175 Florentino
896 4128 968 4174 oum
990 4106 1203 4173 Ambrosiono
1233 4125 1378 4173 conson-

230 4217 330 4284 tiente
358 4217 393 4282 in
416 4223 558 4282 extrema
581 4213 735 4300 prooemii
765 4211 807 4277 de
829 4211 969 4294 antiquis
992 4210 1171 4276 oratoribus
1200 4217 1301 4294 parto,
1336 4211 1376 4278 in
