3034 4896
616 340 829 402 ..p-1..

153 527 227 592 veri
250 526 444 590 simillimum
467 533 519 591 est
537 544 596 592 eos
618 525 671 592 hic
695 543 766 592 cum
789 526 935 610 pluribus
949 527 1174 594 intercidisset
1208 529 1291 593 Num

152 629 254 695 etiam
278 630 388 713 plnres
410 628 611 694 intercidisse
640 635 793 713 apparet,
825 628 1085 712 quandoquidem
1113 643 1218 715 neque
1245 632 1293 698 eis

153 731 304 796 versibus
327 731 465 816 protasis
488 749 637 796 versuum
656 734 823 794 1014-20
839 733 1018 816 suppletur,
1045 741 1078 798 et
1095 733 1126 799 ei
1141 733 1203 818 ipsi
1217 753 1293 819 prce

156 833 221 898 tesi
249 839 377 913 carent,
404 834 474 899 sine
496 853 560 916 qua
581 834 672 899 nulia
701 853 771 899 cum
801 835 956 918 proximis
985 835 1164 902 coniunctio
1189 843 1289 918 esset,

156 937 249 1020 quali
272 943 379 1002 temen
401 937 568 1002 Lucretius
590 936 671 1002 alius
693 943 877 1002 constanter
897 937 1006 1002 utitur.

245 1039 337 1104 Nunc
378 1045 602 1121 argumentum
638 1058 788 1105 versuum
825 1039 857 1119 I,
902 1042 983 1104 1008
998 1077 1041 1087 —
1057 1044 1095 1103 51
1141 1040 1293 1124 expedire

154 1143 307 1208 cunnum.
333 1141 405 1219 Qus
419 1141 452 1206 in
469 1159 503 1206 re
518 1149 670 1225 quantum
684 1141 844 1207 Guiiclmo
855 1142 1129 1208 Heersehelmenn
1141 1142 1289 1221 debeam,

154 1243 332 1329 perspiciet
352 1244 547 1326 quicumque
568 1261 623 1324 ea,
650 1263 734 1326 quae
756 1243 813 1309 ilie
833 1244 875 1309 de
897 1245 1043 1311 versibus
1070 1247 1237 1310 tuoe-13
1260 1246 1293 1310 in

155 1346 330 1414 Observet.
361 1345 488 1412 Lueret.
521 1347 578 1411 cit.
616 1347 755 1430 (Lipsiae
780 1350 872 1430 1877)
899 1365 954 1432 pg.
981 1351 1101 1413 ns-e
1128 1349 1294 1432 praeclare

154 1447 346 1534 disputavit,
372 1449 500 1531 legerit,
525 1465 607 1531 qnne
629 1449 758 1532 quidem
781 1450 908 1516 novisse
930 1469 1062 1516 neeesse
1086 1458 1144 1532 est,
1172 1451 1199 1517 si
1222 1452 1293 1534 quis

155 1551 202 1616 ad
223 1551 307 1617 hunc
329 1553 434 1617 loenm
455 1549 587 1617 accedet
601 1571 706 1634 neque
721 1559 897 1618 cetercmm
912 1553 1120 1638 interpretum
1136 1554 1294 1620 erroribus

155 1675 181 1718 a
201 1673 277 1719 vero
299 1653 408 1720 diduci
429 1655 526 1719 volet.
573 1653 653 1719 Inde
672 1673 695 1718 a
719 1657 801 1719 1008
824 1655 923 1737 igitur
938 1655 1103 1722 Lucretius
1123 1657 1174 1722 sic
1196 1675 1294 1740 ergu-

155 1763 335 1822 meutctur:
374 1757 423 1822 Ne
445 1756 518 1841 ipsa
540 1755 668 1839 quidem
689 1777 793 1822 rerum
818 1777 943 1823 summa
957 1757 1085 1823 modum
1103 1759 1165 1824 sibi
1179 1779 1294 1844 perure

156 1867 281 1946 petest:
314 1861 399 1943 qnod
427 1867 544 1925 nature
566 1859 766 1944 prehibetur,
795 1861 888 1927 cuius
911 1863 984 1944 iege
1002 1878 1121 1946 cerpus
1142 1870 1176 1928 st
1197 1862 1294 1928 inane

156 1983 288 2048 semper
315 1983 350 2028 se
379 1963 554 2047 excipiunt,
580 1963 709 2028 utfinis
732 1963 830 2029 statui
853 1971 1002 2047 nequeat.
1048 1965 1113 2030 Aut
1133 1965 1162 2030 si
1186 1979 1294 2032 sumus

156 2067 348 2132 alterutrum
368 2066 412 2131 eb
434 2066 537 2131 siterc
557 2085 621 2130 nun
643 2065 816 2147 terminari,
848 2059 955 2132 tumen'
977 2066 1112 2132 alterum
1136 2066 1293 2133 infinitum

156 2188 233 2234 esse
254 2188 387 2235 necesse
410 2176 470 2234 est.
519 2169 599 2252 [Iam
621 2187 697 2234 veru
719 2168 747 2233 si
770 2187 885 2252 corpus
908 2167 1076 2250 infinitum,
1101 2169 1199 2236 inune
1221 2169 1294 2236 fini-

156 2279 227 2336 tum
249 2279 351 2350 esset,
377 2291 440 2336 »en
461 2277 584 2336 tentum
607 2289 756 2354 corpore,
783 2289 866 2353 qnae
895 2270 985 2337 iuxta
1014 2271 1183 2356 parvulum
1212 2271 1293 2337 iilud

155 2375 255 2439 inane
276 2372 382 2458 positu
403 2379 527 2455 essent,
559 2373 677 2438 moveri
698 2380 846 2458 possent,
872 2381 978 2440 cetere
1000 2374 1110 2456 quieta
1132 2374 1289 2451 iucenent;

156 2477 247 2560 etqui
269 2495 332 2542 non
355 2494 528 2560 perpauca,
554 2474 614 2541 sed
635 2477 742 2540 omnia
757 2493 895 2561 ‘conpore
909 2477 1028 2542 moveri
1043 2477 1206 2556 videmus3
1231 2478 1295 2542 ite-

157 2597 223 2660 que
245 2597 315 2644 cum
338 2578 486 2644 omnibus
507 2578 604 2643 inane
626 2597 739 2662 purum
763 2578 900 2645 vicinum
923 2578 975 2660 sit,
1001 2577 1082 2662 ipsis
1104 2579 1169 2644 iliis
1188 2578 1295 2644 minus

156 2699 232 2746 esse
254 2681 425 2764 nequitae.
473 2679 530 2745 Sin
550 2679 586 2746 id
608 2679 715 2764 potius
739 2687 880 2747 statuere
896 2681 989 2760 velis,
1014 2681 1109 2746 inane
1123 2680 1293 2763 infinitum,

157 2801 276 2868 cerpus
297 2783 420 2848 finitum
442 2785 541 2866 esse]

338 2885 477 2950 versibus
499 2888 660 2950 ostendam
680 2885 869 2969 corpuscula
889 2884 1039 2949 materiai

338 3009 376 3050 ex
397 2988 520 3072 infinite
542 3009 694 3052 summam
716 3009 823 3052 rernm
844 3009 940 3072 usque
965 2995 1068 3051 tenere

338 3091 475 3176 undiquc
495 3092 617 3174 protelo
636 3091 806 3175 piapen-nm
828 3091 1018 3155 continuato.

163 3194 258 3276 „Nem
280 3193 341 3259 hec
363 3193 425 3258 nisi
446 3193 493 3258 itu
515 3195 625 3276 esset]

207 3377 213 3388 ⁹
234 3300 315 3360 1014
339 3317 395 3360 nee
415 3317 503 3359 marc
525 3319 580 3359 nec
604 3297 815 3380 tellue'neque
837 3296 918 3360 caeli
939 3295 1045 3360 lueida
1068 3295 1184 3378 ternpla

337 3421 393 3462 nec
415 3399 547 3462 mortale
567 3418 665 3483 penus
687 3422 743 3462 ccc
764 3399 870 3463 dicum
892 3419 1025 3482 conpore
1046 3407 1156 3463 sanctu

337 3501 484 3584 empnam
501 3509 633 3584 possent
653 3501 747 3566 horai
765 3500 875 3565 scetere
899 3509 1029 3584 tempus.

160 3606 251 3669 Duas
270 3599 373 3687 igitur
398 3623 514 3670 census
543 3610 640 3688 poeta
669 3604 780 3681 effert,
811 3620 871 3670 cnr
899 3602 1048 3683 muteris,
1080 3603 1144 3669 nisi
1171 3603 1297 3668 infinita

159 3713 264 3786 esset,
305 3704 463 3772 dissolute
492 3707 527 3770 in
556 3725 673 3790 magno
701 3706 790 3770 inani
824 3705 970 3790 dispulsa
998 3705 1145 3771 serretur.
1200 3705 1296 3789 Apud

159 3809 339 3894 Diogenem
372 3827 469 3874 unam
502 3809 654 3892 legimus:
693 3803 844 3891 οὐδαμυῦ
874 3803 916 3874 ἂν
946 3806 1041 3890 ἔμενε
1071 3803 1114 3872 τὰ
1144 3804 1292 3890 σώματα,

160 3967 367 3978 -ι--ι-ι

229 4068 246 4130 ¹)
279 4065 358 4119 Hanc
389 4066 557 4120 sententiam
588 4082 605 4119 s
631 4065 765 4120 Lucretio
794 4064 1001 4136 pronuntiatam
1032 4062 1137 4128 fuisse,
1168 4065 1296 4134 quamvis

158 4151 320 4220 ambignum
339 4159 463 4216 maneat,
484 4167 549 4206 num
568 4149 836 4205 Hocrschelmnnnus
854 4157 929 4206 recte
951 4150 1116 4215 coniecerit,
1143 4155 1236 4205 temen
1253 4165 1296 4203 ar·

159 4238 398 4306 gumentationenr
416 4243 517 4307 poetae
535 4238 619 4292 simili
638 4240 720 4292 modo
738 4239 909 4308 processisse
927 4243 1033 4291 eertum
1052 4242 1105 4290 est.
