3010 4896
280 299 324 366 aa
715 337 754 346 -
804 297 899 382 [ns]
946 335 986 348 -

281 495 422 580 quamvis
445 493 582 562 morsibus
605 494 645 559 ab
669 494 792 578 eisqui
815 493 1049 560 insidiabantur
1071 495 1117 558 rei
1139 491 1293 576 publicae,
1316 498 1414 557 tamen

280 625 338 670 nec
360 604 514 668 concessit
537 603 582 668 eis
605 623 663 666 nec
685 622 793 666 eornm
821 606 927 683 partes
951 605 1076 668 secutus
1099 606 1160 677 eet,
1187 601 1242 683 qui
1264 599 1416 682 principes

281 709 349 776 fieri
377 709 560 786 studebant,
591 710 648 774 sed
679 731 737 792 pro
766 708 1005 774 Atheniensium
1037 708 1139 773 salute
1170 707 1301 771 interire
1327 727 1416 790 quam
1492 759 1493 764 ,

281 817 439 882 civitatem
475 817 508 880 in
544 815 743 882 servitutem·
764 815 927 881 redactam
962 817 1069 882 sidere
1105 813 1225 880 maluit.
1279 813 1417 896 Denique

281 923 449 990 Eucratcm
472 924 557 1006 quod
580 923 619 988 de
643 923 756 987 ceteris
779 928 904 989 constat
926 923 1060 1006 triginta
1082 923 1158 988 viris
1181 922 1246 986 iam
1268 920 1417 986 institutis
1492 947 1493 996 i

280 1032 506 1114 interemptum
531 1051 598 1096 esse
621 1051 717 1113 supra
739 1030 1019 1114 comprobavimus.
1492 1095 1493 1106 ἶ

370 1136 613 1203 Accuratissime
636 1135 734 1220 igitur
756 1137 916 1202 orationes
934 1135 1042 1202 XVIII
1062 1141 1095 1201 st
1111 1135 1191 1201 XIII
1213 1136 1418 1202 consentiunt
1492 1133 1493 1142 ’

282 1246 381 1328 Atqui
407 1245 440 1308 in
462 1265 506 1311 or.
528 1241 637 1308 XVIII
663 1242 743 1308 illud
767 1247 852 1308 certe
879 1243 964 1328 quod
987 1245 1116 1311 Grotius
1143 1241 1235 1307 finxit
1257 1242 1417 1308 consilium

281 1373 386 1418 rerum
409 1351 528 1417 ordinis
551 1349 768 1433 perturbandi,
790 1371 853 1432 quo
874 1351 974 1434 magis
997 1355 1151 1434 augeatur
1173 1350 1219 1414 rei
1243 1349 1343 1432 culpa,
1367 1369 1419 1412 ne-
1492 1361 1493 1426 f

283 1480 438 1544 quaquam
462 1458 559 1523 valet:
587 1478 662 1540 ergo
688 1479 728 1522 ne
755 1457 789 1520 in
816 1479 859 1522 or.
887 1457 965 1522 XIII
994 1458 1121 1540 quidem
1143 1457 1253 1542 Lysias
1280 1456 1419 1520 cosssulto

282 1565 363 1632 falsa
384 1587 442 1648 pro
465 1565 547 1630 veris
570 1563 678 1629 tradit.
724 1563 842 1641 Quodsi
865 1566 897 1627 in
920 1585 965 1629 or.
988 1565 1097 1630 XVIII
1121 1563 1272 1630 Euorates
1298 1585 1381 1628 unus
1404 1585 1420 1626 c
1492 1605 1493 1632 ι

282 1673 414 1738 ducibus
441 1672 504 1736 illis
531 1677 605 1736 aute
632 1691 726 1736 naves
753 1671 901 1748 traditm,
932 1671 966 1736 id
993 1677 1142 1738 estante
1169 1693 1278 1754 pacem
1305 1669 1420 1735 factam
1492 1667 1493 1750 ξ

282 1785 393 1863 captus
421 1785 482 1857 est,
508 1779 542 1843 in
570 1801 613 1844 or.
636 1777 728 1854 XIII,
753 1778 792 1842 17
820 1776 916 1842 verba
946 1779 1025 1862 περὶ
1051 1787 1109 1865 τῆς
1142 1773 1272 1864 εἰρήνης
1299 1779 1421 1860 integra
1492 1867 1493 1872 γ

283 1894 357 1952 sunt
380 1892 412 1952 et
435 1907 455 1951 a
477 1885 573 1969 Lysia
596 1887 664 1968 ipso
688 1885 813 1968 scripta
1492 1873 1493 1912 ³

825 2223 884 2308 IV.

373 2421 459 2499 Quae
487 2441 557 2486 cum
585 2421 631 2485 ita
658 2421 735 2497 sint,
766 2420 836 2502 ipsa
863 2418 1080 2496 fundamenta,
1111 2417 1226 2501 quibus
1257 2419 1318 2482 nisi
1350 2425 1424 2482 sunt
1492 2469 1493 2474 1

285 2547 392 2593 omnes
419 2527 466 2592 iIli
494 2527 554 2592 viri
580 2527 679 2604 docti,
711 2526 844 2591 disiecta
870 2531 951 2592 sunt.
1000 2524 1063 2590 Sed
1091 2545 1293 2608 quaecunque
1320 2525 1426 2590 adhuc

285 2633 444 2717 disputavi
467 2635 572 2699 omnIa
589 2635 630 2698 ad
653 2633 785 2698 aliorum
804 2633 977 2698 sententias
997 2631 1181 2698 refutandas
1203 2633 1425 2716 pertinuerunt

284 2759 343 2804 nec
365 2761 438 2804 vero
461 2741 502 2805 ad
526 2738 737 2817 difficultates,
759 2761 839 2822 quas
857 2739 998 2805 diversae
1017 2741 1214 2805 narrationes
1233 2739 1426 2824 Xenophon-

285 2847 327 2911 tis
346 2852 378 2910 et
396 2846 508 2930 Lysiae
527 2845 688 2931 praebent,
706 2847 917 2912 removendas.
946 2845 1125 2911 Videndum
1142 2847 1248 2930 igitur,
1267 2869 1343 2912 num
1362 2847 1426 2912 alio

284 2954 378 3019 modo
401 2954 542 3037 quaestio
568 2955 730 3039 proposita
757 2954 834 3020 solvi
862 2954 974 3038 possit:
1001 2973 1039 3018 ac
1060 2954 1166 3018 nescio
1188 2973 1228 3020 an
1256 2954 1427 3020 solvendae

285 3061 337 3126 ria
359 3061 436 3126 satis
459 3061 591 3146 simplex
612 3065 730 3145 pateat.
1130 3129 1132 3134 ,

373 3167 530 3233 Nimirum
556 3189 654 3232 unum
680 3172 741 3244 est,
768 3167 801 3232 in
829 3188 890 3250 quo
918 3166 1121 3250 Xenophonti
1152 3168 1303 3233 maiorem
1331 3165 1428 3233 fidem

285 3296 380 3357 quam
397 3274 509 3358 Lysiae
532 3274 710 3340 habendam
732 3295 799 3340 esse
822 3297 913 3341 nemo
931 3272 1069 3358 negabit
1107 3273 1188 3338 Nam
1207 3295 1277 3339 cum
1300 3275 1340 3339 de
1362 3295 1430 3362 una

285 3385 410 3446 tantum
437 3381 593 3464 legatione
621 3381 824 3448 Theramenis
851 3383 1000 3467 loquatur
1026 3381 1146 3465 Lysiae,
1174 3381 1252 3447 duas
1279 3387 1429 3447 accurate

286 3487 408 3552 dirimit
433 3487 615 3572 Xenophon.
666 3487 770 3570 Atque
798 3487 892 3572 Lysia
918 3494 1047 3554 auctore
1078 3487 1133 3553 ubi
1166 3488 1263 3572 legati
1290 3489 1430 3572 primum

285 3615 305 3658 a
323 3592 579 3659 Lacedaemoniis
600 3593 734 3660 redeunt
756 3615 864 3678 pacem
887 3595 1124 3663 earcondicione
1147 3595 1214 3661 iore
1236 3596 1431 3673 nuntiantes,

285 3701 313 3765 si
335 3701 472 3766 maxima
493 3723 566 3785 pars
588 3723 748 3766 murorum
769 3700 935 3784 longorum
957 3702 1138 3767 dirueretur
1157 3702 1258 3790 (XIII,
1276 3704 1322 3788 8),
1344 3701 1431 3768 The·

285 3827 429 3872 ramenes
454 3807 556 3874 multa
581 3809 741 3892 polheitus
769 3805 878 3884 efficit,
905 3814 942 3873 ut
968 3809 1101 3875 arbitrio
1128 3801 1190 3874 sno'
1212 3810 1317 3875 omnia
1343 3829 1431 3874 com-

286 3914 456 3978 mittantur
478 3921 510 3979 et
533 3917 600 3998 ipse
626 3905 829 4001 πρεσβευτὴς
852 3906 1107 4002 αὐτοκράτωρ)
1129 3917 1284 3992 mittatur,
1312 3915 1431 3980 deinde

286 4019 419 4104 Spartae
441 4042 499 4105 per
525 4021 652 4105 longum
673 4027 798 4106 tempus
825 4027 964 4086 moratus
991 4013 1189 4088 condiciones
1216 4022 1303 4106 pacis
1331 4021 1431 4086 etiam
1491 4091 1493 4116 A

286 4127 462 4193 acerbiores
480 4133 630 4212 reportat.
666 4127 715 4192 Ex
732 4128 855 4194 diverso
873 4128 957 4212 apud
975 4127 1215 4215 Xenophontem
1235 4127 1290 4214 (11,
1309 4127 1354 4214 2),
1371 4129 1431 4211 qui

287 4273 498 4284 n--u———un-

378 4361 397 4428 ¹)
415 4359 491 4424 XIII,
512 4360 545 4413 10
564 4351 679 4413 ethecas
699 4353 810 4414 ἐκεῖνον
828 4353 1006 4431 πρεσβευτὴν
1025 4351 1231 4431 αὐτοκράτορα.
