3034 4896
590 339 805 400 ...59-

126 521 216 589 hund
238 523 505 590 contemnendum
525 524 722 610 praesidium
737 525 873 606 secedit,
892 525 1151 610 quandoquidem
1165 525 1264 594 inter-

127 627 307 711 polatorem
330 628 396 693 tsle
418 627 663 694 constructionis
686 628 798 694 vitium
822 628 933 713 ingere
954 629 1067 714 potuit.
1092 665 1135 678 -

214 763 279 830 Sed
294 763 336 830 ad
351 765 449 830 oliam
464 765 798 862 iterationumlseriem
814 766 1015 848 accedamus,
1045 766 1136 832 euius
1152 785 1262 832 exem·

126 867 200 951 plan
221 887 260 934 ue
284 867 354 934 sons
377 877 427 934 est
448 869 475 950 1,
502 871 667 934 iso-³93:

273 971 357 1056 quod
366 971 591 1058 sacere'daud
612 971 676 1036 uilo
699 973 809 1037 debent
828 971 1005 1054 primordia
1021 981 1131 1055 puoto.

274 1075 467 1138 immutabile
489 1075 571 1138 enim
593 1075 742 1161 quiddam
764 1097 913 1160 superare
935 1083 1096 1154 necessest,

272 1198 310 1241 ne
331 1199 382 1242 res
404 1177 448 1242 ud
467 1177 567 1242 nilum
588 1178 774 1263 redimamur
785 1179 941 1264 funditus
964 1200 1088 1242 ommes:

272 1301 345 1344 uum
366 1281 577 1365 quodcumque
599 1280 665 1344 ouis
685 1289 839 1345 motatum
847 1281 973 1366 finibus
995 1281 1069 1358 oxii,

272 1383 416 1446 contiuuo
438 1381 496 1446 ime
517 1403 601 1448 mors
623 1391 670 1447 est
691 1383 777 1447 illius
800 1385 884 1468 quod
892 1383 969 1470 soii
991 1393 1074 1448 unte.

125 1483 198 1550 Hoc
219 1484 305 1550 enim
327 1485 397 1550 loeo
412 1484 581 1552 Lueretius
598 1505 706 1552 eornm
722 1486 925 1564 sententiam,
942 1486 995 1570 qui
1014 1507 1056 1551 ex
1071 1485 1160 1552 eeeio
1175 1487 1262 1553 eius-

126 1605 189 1668 que
211 1585 339 1670 ignibus
361 1606 438 1652 uera
458 1587 593 1654 imbrem
614 1597 731 1655 terram
754 1587 856 1654 essuri
880 1587 1049 1672 omniaque
1071 1589 1113 1654 od
1140 1589 1263 1655 eoelum

125 1685 233 1754 redire
254 1708 293 1754 ue
314 1695 470 1774 perpetuo
492 1689 610 1756 oiruuio
632 1690 760 1776 singula
781 1689 892 1756 mundi
922 1690 1064 1757 membru
1091 1691 1265 1758 sustentari

126 1798 252 1876 putent,
269 1791 397 1870 refutat,
412 1813 484 1859 eum
496 1799 627 1862 aeterno
638 1792 813 1878 primordio
824 1795 940 1860 mutari
952 1811 1016 1859 non
1028 1813 1123 1879 posse
1135 1794 1264 1860 dooeot.¹

125 1897 176 1960 Ae
198 1901 284 1960 reete
307 1895 446 1977 quidem.
493 1896 592 1962 Falso
615 1896 662 1961 illi
680 1915 792 1962 versus
816 1895 942 1981 repetiti
965 1896 1094 1962 suntin
1117 1896 1263 1962 versibus

577 1999 625 2080 11,
652 2001 812 2063 iis-56.

313 2105 468 2184 (tuo-54
492 2131 535 2158 =
557 2101 582 2184 1,
611 2105 774 2178 789-933
802 2105 865 2168 756
888 2131 931 2160 =
953 2103 978 2180 1,
1006 2105 1078 2186 797)

329 2205 427 2270 omnis
449 2207 531 2270 emim
553 2207 639 2272 coior
660 2205 784 2271 omnino
806 2214 947 2271 mutatur
969 2215 1000 2270 ei
1021 2207 1140 2282 omm'o,·

239 2310 301 2374 750
324 2310 408 2394 quod
417 2311 535 2396 fucere
556 2309 645 2374 houd
664 2311 729 2373 ullo
751 2309 863 2373 debent
879 2309 1058 2392 primordio
1075 2319 1182 2393 paeto.

330 2411 522 2477 immutabile
544 2412 625 2476 enim
648 2412 797 2498 quiddam
818 2433 968 2495 superare
989 2421 1151 2495 necessest,

328 2537 367 2578 ne
387 2537 438 2579 res
460 2516 505 2580 ad
523 2515 623 2580 milam
644 2515 829 2600 rudiquniur
842 2515 997 2599 funditus
1020 2537 1142 2579 omnes:

328 2639 401 2682 mum
424 2619 635 2703 quodcumque
657 2617 723 2682 suis
744 2626 899 2682 mutatum
907 2617 1033 2702 finibus
1056 2618 1129 2694 exit,

329 2721 473 2784 continuo
496 2721 553 2785 doc
574 2743 657 2786 moro
679 2720 835 2785 ciiiilius
858 2721 943 2806 quod
952 2721 1028 2807 suit
1049 2729 1133 2785 unte.

240 2826 302 2888 755
323 2824 456 2907 proinde
478 2824 580 2890 colore
603 2847 676 2888 caue
698 2824 859 2908 contioque
881 2824 999 2888 semitm
1021 2845 1135 2902 rerum,

328 2949 366 2991 ne
389 2925 449 2991 tibi
467 2949 519 2991 res
541 2927 670 2992 redeunt
691 2927 736 2990 od
755 2927 853 2991 osium
864 2927 1020 3013 funditus
1042 2949 1156 2990 omnes.

126 3029 214 3095 Nam
236 3035 322 3096 totus
344 3030 397 3095 hie
418 3031 506 3096 loeus
530 3051 550 3095 a
571 3029 718 3096 Lucretio
741 3031 878 3114 scriptus
901 3048 974 3096 esse
995 3029 1115 3112 nequit.
1164 3029 1265 3096 Doleo

127 3141 250 3210 autem,
275 3133 360 3216 quod
383 3131 508 3199 initium
532 3133 602 3199 eius
624 3153 704 3200 sana
727 3133 884 3217 sumpturo
906 3140 1003 3213 earet,
1030 3153 1101 3198 eum
1117 3133 1215 3200 verbu
1236 3143 1267 3198 et

128 3236 231 3302 omnus
253 3236 409 3321 explicari
431 3237 644 3321 nonpossint.
684 3236 796 3320 Neque
813 3243 920 3301 tomen
936 3255 1050 3302 sensus
1065 3236 1177 3302 horum
1192 3258 1266 3305 ver-

128 3361 225 3406 suum
255 3339 408 3406 obscurus
438 3347 504 3420 est,
534 3360 629 3423 quem
652 3339 770 3425 optime
801 3339 949 3425 exposuit
978 3337 1150 3424 Briegerus
1180 3339 1266 3423 (Phi-

128 3445 228 3527 lolog.
254 3442 358 3524 XXV,
384 3463 439 3528 pg.
465 3447 538 3522 691:
579 3442 830 3509 »Farbeubesitz
856 3443 898 3508 ist
920 3441 978 3507 mit
999 3442 1267 3510 Forbenweohsei

127 3543 318 3610 verbunden
340 3544 406 3611 und
427 3544 533 3611 dieser
554 3543 641 3611 nieht
662 3543 745 3612 ohne
761 3543 1072 3629 Mitverwsndelung
1090 3544 1148 3611 der
1161 3545 1267 3631 Dinge

128 3645 283 3731 moglich.
331 3647 391 3713 Die
413 3649 527 3714 Atome
549 3647 628 3714 aber
649 3647 763 3713 durien
786 3644 854 3714 sioh
878 3644 965 3712 nieht
987 3647 1262 3732 mitverwandeln‚

129 3749 204 3815 weil
228 3755 319 3814 sonst
341 3748 421 3834 jede
443 3749 547 3834 ewige
570 3748 756 3833 (irundlnge
778 3746 889 3814 fehlte.
935 3748 1082 3832 Folglieh
1111 3749 1194 3832 (sind
1215 3749 1268 3818 die

128 3849 306 3938 primordio
319 3851 403 3918 ohne
418 3851 563 3936 sarum.
603 3853 693 3918 Duos
715 3859 823 3918 autem
846 3869 961 3918 cousus
977 3850 1090 3934 haheo,
1116 3873 1174 3919 eur
1187 3850 1268 3921 haee

128 3977 149 4021 a
172 3953 323 4022 Lucretio
345 3953 452 4020 aliena
473 3953 668 4022 existimem.
708 3956 755 4021 Ae
777 3955 914 4041 piimum
936 3955 1065 4039 quidem
1088 3955 1267 4022 Lucretium

128 4059 264 4124 multum
289 4057 421 4139 afuisse,
447 4065 482 4123 ut
504 4077 569 4124 unu
590 4077 661 4124 eum
681 4057 795 4124 eoloris
810 4057 986 4124 mutatione
1001 4078 1053 4124 res
1069 4057 1183 4122 mutari
1199 4077 1269 4126 ore·

127 4163 231 4242 deret,
259 4159 438 4228 clarissime
460 4169 594 4247 apponet
615 4181 656 4226 ex
680 4163 874 4242 ios-807,
901 4182 973 4228 eum
997 4160 1215 4226 columborum
1238 4169 1270 4229 et

128 4264 276 4368 pavonis
300 4262 428 4348 plumos
456 4264 615 4332 interdum
651 4263 726 4330 aliis
755 4263 913 4330 uolonibus
941 4263 1044 4330 videri
1072 4261 1173 4346 dieat,
1204 4283 1270 4332 non
