2994 4890
279 327 338 388 333
713 363 753 371 -
803 326 887 406 [ato]
935 361 977 370 -

277 513 383 594 oduu'l
410 518 468 597 τῆς
490 535 526 576 τε
548 504 768 598 ὑπαρχούσης
791 509 890 598 δόξης
914 511 1094 578 αἰτιᾶσθαι
1116 504 1236 585 ὅστις
1263 506 1308 574 ἂν
1327 529 1391 591 μσ-

275 616 407 698 λακίᾳ
430 613 628 699 ellstan:
656 609 749 690 όστις
771 616 921 699 μαλακίᾳ
945 613 1102 680 ἐλλείπει.

362 721 439 784 9283
455 748 496 772 =
512 719 615 784 [162³
638 740 670 803 p.
692 721 781 783 13833
805 718 892 784 ἐέναι
914 718 951 782 δέ
974 729 1045 793 τοῖς
1061 716 1201 801 ἐχθροῖς
1216 709 1316 796 όμόσε
1336 713 1393 776 καί

275 815 542 903 ἀμύνεσθαι,
576 819 621 908 μή
646 819 839 908 φρονήματι
859 817 976 902 μόνον,
1004 815 1089 884 ἀλλὰ
1118 820 1175 882 καὶ
1197 813 1394 904 καταφρονή-

274 948 374 1004 ματιε
400 925 456 988 καὶ
480 917 674 1006 ἀμύνεσθαι
695 944 758 988 om.

362 1031 439 1092 9913
455 1057 497 1082 =
512 1028 545 1091 ΙΙ
562 1031 616 1092 713
639 1049 671 1111 p.
694 1033 781 1091 14533
803 1021 888 1108 μετὰ
907 1019 1073 1111 Ἑλλήνιον
1095 1031 1160 1090 τῶν
1175 1019 1396 1108 ἐθελησάντων

276 1127 520 1215 ξονόρασθαιέ)
548 1137 624 1195 τοῦ
646 1128 851 1196 κινδύνου
874 1129 945 1193 καὶ
972 1135 1044 1216 τῆς
1073 1125 1228 1214 μάχηςε
1262 1123 1319 1189 τόν
1338 1127 1397 1186 τίν

277 1233 379 1298 δονον
400 1239 459 1318 τῆς
481 1230 601 1319 μάχης.
1155 1311 1160 1320 .

364 1341 455 1400 99133
476 1367 518 1391 =
541 1337 645 1401 11713
675 1358 707 1421 p.
737 1341 811 1400 1463
842 1330 937 1418 ὑμεῖς
967 1335 1003 1400 δὲ
1034 1330 1196 1401 τάναντία
1225 1332 1398 1402 ἐκείνοις

277 1439 396 1524 δρᾶτει
423 1437 563 1515 ἐκείνοις
585 1461 648 1504 our.

364 1545 453 1606 93533
473 1573 515 1597 =
531 1543 575 1606 VI
591 1545 645 1607 763
668 1563 701 1626 p.
721 1545 795 1605 4233
821 1543 879 1607 καὶ
901 1537 942 1608 od
963 1543 1043 1626 περὶ
1061 1549 1118 1629 τῆς
1134 1539 1330 1622 ἐλευθερίας
1344 1531 1398 1620 δρα

278 1637 354 1708 οὔτε
381 1642 450 1708 οἵδε
474 1651 540 1709 τῶν
559 1637 724 1731 Ἑλλήνιον
747 1639 829 1710 odd’
855 1644 917 1729 ull)
945 1639 1102 1731 Ἕλληνες
1124 1651 1182 1730 τής
1213 1642 1337 1707 ἑαυτῶν
1362 1644 1399 1721 τῷ

280 1744 391 1833 Μήδῳ
408 1741 626 1833 όντέστήσαν,
653 1747 732 1833 ττερί
755 1747 790 1811 δὲ
815 1749 1041 1834 τής(113131(.,
1065 1754 1125 1812 τοῦ
1138 1748 1179 1828 M)
1208 1745 1241 1810 oi
1256 1746 1317 1828 μὲν
1331 1747 1398 1828 σεμί-

279 1871 350 1931 σιν,
378 1844 465 1913 ἀλλὰ
486 1848 531 1936 μή
556 1849 671 1934 ἐκείνῳ
702 1850 1001 1932 καταδουλώσεως,
1037 1849 1069 1914 οἱ
1097 1845 1132 1914 δ’
1159 1849 1216 1914 ἐστὶ
1247 1844 1399 1914 δεσπότου

278 1954 447 2038 μεταβολῇ
464 1947 523 2018 οόκ
540 1947 797 2040 ἀξυνετωτέρου,
825 1955 1134 2038 κακοξυνετωτέρου
1153 1953 1208 2017 δέι
1234 1959 1292 2038 τῆς
1308 1951 1395 2016 deest.

281 2055 431 2120 lleislrius
465 2055 645 2121 coniectura
678 2077 738 2122 sua
770 2057 1008 2142 interpolatoris
1039 2057 1208 2122 eonsilium
1242 2055 1397 2120 adsecutus

278 2159 509 2224 videturesse.
557 2159 607 2223 Of.
633 2160 822 2225 Classenuru
851 2161 892 2225 nd
915 2159 946 2223 13.
966 2161 989 2224 l.

365 2273 455 2342 92933
480 2309 521 2334 --
544 2279 649 2343 11493
674 2301 704 2368 p.
725 2283 795 2344 9633
826 2269 851 2344 ὦ
881 2275 1000 2365 ἄνδρες
1022 2274 1222 2366 Ἀθήναῑοιε
1259 2267 1285 2341 ud
1309 2272 1397 2360 Ἀθή-

280 2392 381 2446 νωῑοι.
422 2383 538 2446 Vooorn
563 2377 682 2466 ἄνδρες
705 2382 807 2466 prima
823 2405 937 2455 manua
952 2385 985 2450 in
1009 2384 1153 2466 margine
1167 2382 1302 2460 addidit,
1326 2376 1395 2461 quod

279 2505 318 2548 ex
350 2484 481 2550 arbitrio
511 2485 627 2552 lenisse
655 2485 737 2552 falso
766 2493 905 2570 putatur.
953 2486 1046 2564 Quod
1075 2487 1102 2552 si
1132 2486 1192 2550 hoo
1222 2486 1345 2550 verbum
1371 2481 1395 2542 iu
1472 2563 1473 2566 Ἴ

281 2588 481 2651 Arnbrosiani
512 2589 691 2673 exemplari
722 2591 762 2653 ab
793 2589 920 2656 homine
948 2589 1138 2656 emendandi
1162 2588 1279 2672 cupido
1300 2605 1396 2669 super-

280 2689 434 2774 scriptum
464 2689 564 2756 luisse
586 2692 750 2775 ponimus,
784 2713 847 2774 quo
870 2693 989 2759 fautum
1012 2694 1064 2775 sit,
1097 2701 1131 2760 ut
1157 2692 1245 2776 prius
1268 2713 1287 2756 a
1308 2689 1396 2756 soriba

281 2793 600 2875 praetermitteretur,
638 2795 780 2876 sequitur
807 2795 955 2880 Dionysii
988 2796 1154 2880 exemplar
1183 2783 1209 2858 ὦ
1239 2789 1396 2879 Ἀθηναῖοι

280 2894 474 2962 exhibuisse.
515 2897 674 2974 Quoniam
690 2918 766 2964 vero
781 2898 822 2964 de
838 2899 974 2963 Palatini
998 2905 1030 2964 et
1046 2899 1259 2962 Parisinornnr
1280 2895 1396 2961 lectione

280 3019 342 3062 nou
365 3005 498 3080 constat,
525 3019 592 3064 rem
615 3000 647 3063 iu
671 3001 776 3065 medio
799 3001 953 3084 relinquo.

366 3159 395 3203 o.
421 3138 585 3202 Venabula
606 3159 663 3222 pro
686 3139 830 3222 pluribus
852 3140 1001 3222 genuinis
1023 3139 1273 3206 substituuntur:

367 3262 458 3322 83633
474 3287 515 3312 =
532 3258 618 3322 1973
638 3278 671 3340 p.
687 3262 742 3323 713
765 3258 825 3346 τήν
841 3258 983 3346 ἐκβολήν
998 3267 1058 3324 τοῦ
1072 3257 1175 3342 λόγου
1190 3254 1392 3344 ἐιτοιήσόμήν.

281 3357 395 3426 διότι
418 3373 488 3436 τοῖς
511 3358 578 3444 ττρό
602 3359 686 3443 ἐμοῦ
709 3357 839 3428 ἅττασιν
862 3361 996 3438 ἐκλιπὲς
1019 3359 1056 3428 τό
1084 3367 1211 3448 χωρίον
1233 3369 1326 3426 τοῦτο
1347 3346 1392 3442 ήνε
1470 3355 1471 3358 ’

281 3460 337 3526 διὰ
359 3461 436 3527 τόδε
459 3458 522 3528 ότι.

367 3586 500 3648 931⁹:
516 3584 548 3647 II
565 3589 618 3648 613
637 3606 670 3668 p.
691 3589 779 3650 13733
795 3563 973 3671 χρεόινκαί
996 3583 1070 3664 τὰς
1093 3581 1314 3672 συμφορὰς
1332 3580 1395 3645 lti-

281 3687 352 3751 λειν
373 3679 604 3771 όφίστασθαιε
639 3688 830 3773 ξυμφοραῖς
859 3701 933 3764 ταῖς
955 3693 1144 3773 μεγίσταις,
1175 3688 1237 3754 nisi
1259 3685 1336 3771 quod
1357 3679 1398 3744 Κλ

282 3789 333 3856 ed.
359 3790 470 3855 nraior.
498 3790 603 3856 Bekk.
630 3791 807 3879 ξυμφορὰς
829 3790 888 3870 τὰς
910 3797 1070 3878 μεγίστας
1092 3793 1255 3860 exhibent.

368 3912 629 3976 84512=V321
654 3933 686 3996 p.
706 3915 797 3976 33633
827 3915 907 3996 περὶ
929 3913 966 3978 δὲ
988 3911 1067 3990 τοὺς
1090 3909 1213 3990 αότοός
1234 3909 1394 3998 χρόνονς
1468 3977 1469 3988 2

282 4011 478 4089 τοότουςτ
504 4011 647 4098 χρόνους
669 4022 731 4080 τοῦ
753 4021 878 4101 θέρους
900 4015 1030 4083 τούτου.

1452 4623 1467 4846 r

354 4239 368 4298 ¹]
392 4238 553 4290 δικαιοῦσιν
573 4239 595 4290 11
621 4241 633 4304 ΙΙ
662 4239 681 4303 ⁸²)
703 4236 928 4310 σοι’όρασδαιΜ
953 4245 964 4308 ΙΙ
993 4243 1012 4304 ³}
1033 4239 1097 4296 οὔτε
1115 4240 1142 4294 οἱ
1163 4242 1197 4294 Μ.
