2998 4896
574 361 618 372 -
663 323 760 408 [ero]
808 365 848 374 -
1242 333 1280 396 u

131 538 153 580 a
176 516 406 582 uetustioribus
429 519 644 602 grammaticis
666 508 796 585 condita
817 527 850 586 ct
874 543 894 586 a
915 521 1102 606 Symmacho
1130 525 1198 608 ipso
1226 526 1284 590 ad·

131 623 239 688 hibita
260 631 365 689 essent
388 625 428 689 ad
455 626 714 690 commentarium
741 649 831 693 suum
859 627 1100 706 conficiendum,
1129 630 1223 694 immo
1247 652 1286 696 ea

132 729 316 813 significari,
335 751 414 816 quae
433 752 453 796 a
470 731 699 800 recentioribus
713 733 892 800 scholiastis
907 735 1065 820 exscripta
1082 742 1116 801 et
1134 737 1166 800 in
1185 737 1293 802 libros

132 837 365 920 manuscriptos
390 837 638 922 Aristophaneos
662 847 766 906 essent
789 841 953 906 translata.
999 841 1126 906 Etenim
1149 844 1283 927 simplici

135 933 375 1028 ὕπομυήματος
401 943 453 1008 uel
481 935 732 1032 ὑπομνημάτων
760 947 885 1012 nomine
913 968 966 1012 eas
994 948 1147 1030 appellari
1177 951 1285 1014 docuit

134 1049 319 1114 Gerhardus
343 1051 640 1134 interpretationum
663 1054 871 1130 collectiones,
894 1075 972 1137 quas
995 1060 1161 1119 auctorum
1184 1057 1285 1120 nemi·

133 1155 229 1222 nibus
251 1161 393 1221 carentes
417 1158 449 1221 in
473 1157 662 1223 scholiorum
688 1158 848 1242 farragine
876 1159 1040 1225 medenda
1066 1160 1285 1226 adhibuissent

132 1262 331 1327 scholiastae.
380 1261 490 1347 Neque
517 1255 622 1329 tamen
651 1265 801 1331 iudicium
829 1265 1055 1348 amplectemur
1078 1265 1285 1353 Stoecheri¹).

131 1371 190 1452 qui
210 1368 306 1448 band,
328 1369 440 1452 inquit,
458 1371 665 1452 improbabile
682 1374 724 1436 sit
737 1373 804 1436 iam
818 1375 885 1448 tum
901 1409 943 1419 -
957 1371 1077 1438 scilicet
1090 1375 1198 1457 paullo
1212 1380 1285 1458 post

134 1475 383 1560 Aristophanem
404 1482 563 1541 mortuum
582 1478 636 1542 uel
655 1478 732 1562 ipsis
750 1484 864 1561 poetae
882 1477 1077 1562 temporibus
1098 1517 1139 1527 —
1158 1481 1284 1544 Ariete-

126 1581 253 1662 pltam's
270 1581 436 1648 cmnoediis
454 1583 575 1647 scholia
595 1585 754 1666 quaedam
772 1586 938 1666 adscripta
956 1585 1064 1665 samse,
1087 1585 1142 1650 nbi
1160 1587 1285 1651 uideres

133 1688 211 1774 (sic)
231 1687 376 1754 babuisse
399 1711 467 1776 eas,
475 1691 611 1770 lectores,
637 1691 693 1772 qui
715 1693 858 1774 crepesiu
881 1693 1027 1776 aliquam
1049 1713 1114 1757 non
1131 1697 1284 1774 poterant

129 1815 199 1859 nen
214 1794 403 1862 desiderare.
437 1797 629 1861 Praesertim
644 1798 723 1879 quia
736 1799 865 1877 auaris,
882 1799 997 1882 quihus
1010 1798 1102 1863 lodie
1114 1803 1282 1878 uteremur,

129 1901 322 1966 scholiorum
350 1904 520 1982 codicibus,
549 1903 651 1968 multa
678 1905 915 1969 continerentur
942 1906 980 1969 cle
1001 1904 1179 1970 hominibus
1203 1906 1313 1969 alia.

130 2010 215 2090 quin
238 2010 378 2074 obscuris
399 2014 549 2088 narrata,
575 2031 657 2092 quoe
680 2011 744 2074 nisi
766 2012 833 2076 iam
854 2012 935 2091 ipsis
955 2016 1066 2091 poetae
1092 2012 1283 2092 temporibus

128 2115 271 2198 stupidis
298 2117 531 2181 cornccdiarnm
558 2117 634 2180 locis
661 2117 777 2181 addita
804 2122 918 2196 essent,
946 2137 1114 2202 nunquam
1140 2123 1285 2182 nostram

130 2230 269 2290 aaaron
291 2224 410 2289 uidisse
433 2223 559 2290 dicmca

222 2331 293 2396 Non
306 2329 389 2394 male
402 2350 478 2394 uero
489 2328 672 2394 Gerhardus
683 2330 761 2395 dicit
772 2329 1070 2413 interpretationum
1081 2331 1282 2396 collectiones

128 2439 379 2523 Byzantinerum
389 2436 416 2521 ²)
431 2441 516 2500 certe
530 2435 726 2518 temporibus
740 2435 896 2514 extitisse3
912 2437 995 2502 unde
1011 2460 1081 2501 cum
1096 2437 1284 2502 scholiastae

128 2551 164 2610 et
187 2544 242 2628 qui
266 2545 300 2607 in
323 2540 484 2608 codicibus
507 2540 665 2606 dictandis
689 2541 904 2608 scribendisue
926 2565 1056 2626 operam
1078 2542 1284 2619 collocabant,

128 2651 218 2736 qued
236 2650 369 2734 quisque
388 2647 594 2714 adnotatione
608 2647 738 2730 dignum
752 2668 820 2712 esse
834 2649 1045 2725 existimabat,
1064 2658 1284 2732 expromerent

128 2763 164 2822 et
186 2757 221 2821 in
245 2755 336 2820 libris
355 2755 420 2822 suis
438 2753 664 2830 adscriberent,
688 2751 882 2830 factumest,
905 2761 941 2817 ut
959 2754 1014 2818 alii
1034 2776 1068 2820 se
1086 2755 1284 2820 continerent

128 2864 331 2947 excerpendo
345 2869 377 2928 et
391 2860 598 2927 describendo
610 2881 663 2924 eas
675 2862 758 2942 ipsas
769 2861 1066 2943 interpretationum
1076 2861 1284 2938 collectiones,

128 2970 187 3035 alii
217 2989 256 3034 ex
282 2989 341 3033 sua
368 2969 501 3052 quisque
529 2967 675 3032 doctrina
699 2971 731 3032 et
753 2966 931 3032 litterarum
965 2968 1143 3051 cognitione
1170 2967 1222 3033 uel
1245 2990 1284 3032 ex

127 3077 356 3159 magistrorum
380 3076 413 3139 in
437 3073 552 3140 scholis
575 3072 821 3156 Aristophanem
844 3073 1068 3157 explicantium
1092 3073 1234 3150 dictatis,
1256 3075 1284 3139 si

127 3183 209 3266 quid
228 3189 340 3266 poetae
364 3181 483 3246 comico
506 3179 607 3244 lucem
626 3179 740 3246 afferre
764 3185 923 3262 putarent,
945 3181 1119 3254 adicerent;
1142 3180 1216 3244 hinc
1234 3181 1283 3243 in-

127 3290 238 3372 eptiae
252 3289 326 3352 illae
340 3307 378 3354 ac
391 3287 501 3352 iudicii
515 3287 726 3370 peruersitate
741 3287 880 3369 insignes
895 3287 1182 3363 adnotatiunculae,
1201 3307 1282 3370 quae

125 3394 377 3478 Byzantiuorum
406 3393 582 3460 doctrinam
609 3393 788 3458 redolentes
812 3395 844 3456 in
868 3392 1013 3458 omnibus
1040 3413 1175 3474 quorum
1200 3394 1283 3458 noti·

125 3503 210 3566 tiam
233 3499 385 3566 habemus
407 3497 570 3564 codicibus
593 3500 795 3583 reperiuntur
820 3504 948 3582 praeter
970 3498 1201 3576 machinatam,
1229 3501 1284 3582 qui

204 3661 225 3722 ¹)
242 3658 272 3712 iu
290 3657 387 3712 libello
406 3657 441 3712 de
459 3657 585 3726 Sophocl.
601 3663 630 3712 et
649 3657 790 3726 Aristoph.
810 3657 1010 3728 interpretibus
1031 3657 1146 3711 Graecis
1165 3674 1209 3726 pg.
1227 3659 1283 3712 12.

204 3747 225 3800 'l
245 3747 358 3802 Constat
381 3746 432 3802 sub
452 3747 630 3802 Constantino
649 3747 910 3816 Porphyrogenneto
929 3755 957 3800 et
976 3746 1011 3800 ah
1030 3746 1198 3815 imperatore
1222 3747 1282 3815 ipso

126 3846 156 3892 et
186 3852 205 3889 a
234 3834 303 3890 airis
332 3835 422 3892 doctis
453 3834 607 3890 CPolitanis
639 3834 737 3904 ingens
770 3851 869 3905 corpus
902 3834 1092 3890 uniuersae-um
1125 3834 1282 3890 litterarum

125 3927 300 3981 Graecarum
314 3923 454 3994 excerptis
468 3923 612 3979 undelibet
624 3923 776 3993 desumptis
788 3923 942 3978 contectum
954 3939 1021 3988 esse,
1037 3923 1109 3978 uude
1120 3923 1281 3992 posterioris

124 4012 234 4069 aetatis
254 4012 385 4070 Graeculi
403 4012 557 4068 doctricem
571 4028 647 4067 suam
668 4012 818 4070 hauserint.
849 4012 883 4067 ct.
900 4012 1107 4082 Bernhardyum
1126 4011 1197 4066 litat.
1214 4011 1279 4065 Litt.

126 4103 231 4158 Graec.
246 4102 273 4155 1⁴
287 4103 340 4157 708
353 4117 413 4170 sqq.
433 4107 462 4156 et
482 4101 603 4159 eiusdem
625 4101 787 4156 Cemmentt.
807 4101 841 4156 de
860 4102 961 4158 Saldae
981 4099 1070 4176 lexicp
1091 4117 1135 4169 pg.
1152 4100 1282 4154 XLVIII:

127 4209 180 4246 nec
206 4173 335 4244 dubitare
354 4192 468 4260 potitur
489 4190 655 4245 scholiorum
679 4191 804 4257 corporis
827 4189 1014 4258 Dindcrfioni
1037 4195 1061 4242 et
1080 4189 1187 4242 Suidae
1210 4204 1280 4241 com·

122 4281 256 4351 paratio,
274 4280 343 4348 puin
361 4279 656 4351 unbauranamma
675 4279 840 4348 temporebus
858 4279 925 4332 hacc
944 4279 1007 4347 ipsa
1021 4277 1280 4336 commentariorum

128 4368 399 4438 Aristophanemum
416 4369 509 4438 [erma
528 4374 665 4438 tanquam
685 4367 808 4437 perfecta
826 4366 958 4421 calamit
