2982 4884
294 323 354 388 me
728 359 771 370 -
820 323 902 406 ωτι]
949 357 1011 426 -ι

377 511 407 574 3.
439 509 617 577 Florentini
639 517 671 576 et
693 509 896 577 Ambrosiani
918 511 1012 577 leutio
1036 507 1097 598 τὴν
1119 508 1264 592 δύναμιν
1286 514 1341 574 τοῦ
1360 503 1409 573 ἂν·

288 610 370 699 δρὸς
393 611 607 697 ἐπιδείξομεν
630 607 786 701 ἀποχρῑγν
808 611 963 697 οίδμενος
986 635 1027 681 ex
1045 621 1139 700 parte
1153 613 1212 679 illo
1227 613 1350 696 quidem
1363 611 1410 678 de·

288 723 427 802 provata
448 717 482 782 in
503 717 715 786 deterioribus
738 719 903 786 codicibus
925 737 1043 784 novum
1065 716 1281 802 corruptelam
1298 721 1409 800 experta

288 826 340 888 est
363 817 514 902 οἰόμενοι
535 840 594 907 pro
617 818 784 904 οἰόμενος.
824 820 1005 888 Genuinom
1028 820 1198 888 lectionem
1220 819 1408 886 Parisinust

289 922 492 1008 suppeditat,
526 943 568 990 ex
595 943 657 1007 quo
688 924 812 1000 soribas
842 920 904 1010 τὴν
932 921 1076 1006 δύναμιν
1104 929 1164 988 τοῦ
1187 916 1308 1007 ἀνδρὸς
1333 919 1407 986 trra-

288 1024 491 1109 δείξομαι
514 1021 669 1114 ἀποχρῆν
692 1024 907 1109 οἰόμενος.

376 1187 405 1246 4.
438 1181 633 1248 Particulam
657 1182 704 1265 δέ,
732 1203 815 1267 qnae
837 1185 932 1268 volgo
955 1189 1028 1269 post
1059 1181 1189 1249 ἐκείνου
1215 1181 1338 1266 legitur,
1364 1200 1405 1246 oo

288 1281 377 1350 diues
411 1291 497 1351 neoto
527 1285 687 1351 omittunt.
735 1285 817 1352 Nam
853 1293 885 1353 et
915 1285 1074 1372 oppositio
1104 1286 1188 1352 male
1220 1285 1360 1350 statuitur
1383 1291 1405 1346 et

288 1387 388 1453 verba
418 1385 723 1474 προχειρισάμενος
750 1427 793 1436 -
822 1389 1098 1476 παραδείγμασιν
1130 1407 1299 1473 perperam
1328 1385 1406 1471 priori

287 1490 453 1556 enuntiato
476 1489 606 1557 adnecti
628 1492 809 1559 sententiae
827 1511 1017 1576 progressus
1033 1490 1136 1557 docet.
1179 1489 1258 1574 „Ea
1284 1510 1357 1574 qnae
1375 1485 1405 1552 de

288 1593 389 1678 Lysia
410 1601 536 1660 oratore
558 1592 641 1674 dixi,
668 1600 773 1660 utrum
796 1615 873 1660 vera
895 1595 960 1660 sint
982 1614 1024 1658 an
1047 1593 1150 1674 falsa,
1183 1614 1224 1659 ex
1246 1592 1330 1658 illins
1350 1609 1407 1656 ore-

287 1695 427 1762 tionibns
449 1697 657 1778 examinabo,
690 1705 723 1763 et
744 1697 894 1780 quoniam
917 1698 1010 1782 plnra
1031 1696 1180 1780 exempla
1201 1695 1339 1780 proferre
1358 1712 1407 1758 non

287 1797 379 1881 lieet,
418 1819 483 1865 nna
515 1799 659 1866 oratione
692 1799 862 1866 eonsilium
893 1799 962 1866 eins
996 1806 1095 1882 atque
1124 1799 1190 1865 vim
1219 1797 1404 1864 illustrabo“.

286 1901 393 1968 Verba
424 1902 524 1985 igitur
556 1900 861 1988 προχειρισάμενος
888 1941 932 1951 -
959 1902 1234 1989 παραδείγμασιν
1267 1901 1407 1967 artissime

286 2023 360 2071 oum
390 2005 597 2088 sequentibus
627 2005 813 2088 cohaerent,
852 2011 885 2072 et
911 2027 975 2071 vox
1006 2006 1148 2082 πολλοῖς
1176 2025 1241 2071 non
1270 2003 1408 2071 infinitum

291 2110 402 2192 (τινα),
430 2108 488 2175 εει]
510 2115 634 2175 certum
657 2107 718 2174 sibi
741 2109 933 2174 eontrarium
956 2109 1106 2194 postulat.
1147 2108 1227 2174 Inde
1250 2108 1349 2174 son'bo
1362 2102 1409 2190 τὴν

286 2209 441 2291 ἐξέτασιν
464 2206 532 2278 ἀπὸ
557 2217 623 2279 τῶν
644 2205 707 2278 ἀπ’
727 2209 856 2278 ἐκείνου
878 2215 1080 2298 γραφέντων
1102 2209 1308 2298 ποιήσομαι,
1338 2231 1408 2292 προ-

284 2312 521 2400 χειρισάμενός
542 2339 585 2380 τε
609 2314 683 2380 ἕνα
706 2312 809 2400 λόγον
822 2310 922 2381 -ori
944 2311 1007 2402 γὰρ
1031 2313 1173 2401 ἐγχωρεῖ
1190 2315 1330 2390 πολλοῖς
1342 2317 1408 2396 χρῐγ-

285 2421 373 2482 σθαι
401 2418 741 2504 παραδείγμασιν-
764 2417 800 2498 ἐξ
826 2417 956 2485 ἐκείνου
985 2415 1045 2505 τήν
1074 2441 1110 2483 τε
1139 2422 1337 2522 προαίρεριν
1362 2414 1406 2478 καί

285 2518 345 2606 τήν
367 2517 512 2602 δύναμιν
533 2525 594 2586 τοῦ
624 2515 746 2606 ἀνδρὸς
774 2517 1003 2604 ἐπιδείξομαι,
1038 2519 1079 2586 ol.
1105 2541 1136 2606 p.
1157 2523 1264 2585 otrus
1295 2525 1406 2604 χρῶμαι

284 2623 537 2707 παραδείγματι
560 2621 597 2702 ίξ
619 2618 729 2690 αὐτῶν
758 2621 823 2689 ἑνί·
860 2619 901 2690 οὐ
929 2620 992 2709 γάρ
1025 2621 1165 2709 ἐγχωρεῖ
1192 2623 1342 2688 πλείοσι·
1370 2624 1406 2702 τῷ

287 2724 523 2812 Τραπεζιτικῷ
545 2726 726 2810 λεγομένῳ.

371 2899 403 2964 p.
424 2881 516 2944 518ss
538 2880 713 2961 Postquam
736 2878 911 2963 Dionysius
934 2876 1061 2944 forense
1077 2877 1196 2963 Lysiae
1218 2875 1346 2944 dicendi
1362 2893 1407 2958 ge-

284 3001 346 3048 nos
369 2983 512 3048 oratione
535 2981 568 3047 in
583 2981 788 3065 Diogitonem
803 2981 986 3058 illustravit,
1005 2980 1087 3048 hoen
1103 2980 1268 3064 subiungit
1281 3001 1314 3065 p.
1328 2979 1405 3043 stes:

285 3082 323 3152 ἐν
350 3085 414 3168 μὲν
441 3081 480 3172 δὴ
504 3095 575 3160 τοῖς
605 3083 855 3161 δικανικοῖς
889 3081 1002 3168 λόγοις
1031 3080 1279 3170 μαλακώτερος,
1312 3077 1406 3160 ὥσπερ

284 3187 373 3275 ἔφην
393 3189 475 3253 PM:
505 3185 744 3264 ἐπιδεικτικοῖς
766 3188 804 3252 R.
851 3187 967 3268 Verba,
994 3187 1103 3270 qualia
1130 3187 1164 3252 in
1186 3187 1365 3254 Florentino
1383 3188 1406 3247 et

284 3292 498 3358 Ambrosiano
521 3292 687 3375 leguntur,
719 3309 815 3357 sensu
838 3309 933 3356 nasso
955 3308 1027 3355 esse
1049 3289 1200 3356 librarius
1222 3287 1404 3371 nescioquis

283 3393 365 3460 bene
387 3395 563 3480 perspexit,
589 3412 662 3460 oum
686 3391 922 3468 ἐπιδεικτικοῖς
945 3392 1127 3477 corrigeret.
1173 3393 1347 3477 Dionysius
1367 3409 1405 3454 re

283 3495 382 3582 epioit
411 3497 454 3563 ad
484 3517 540 3580 ea,
578 3517 662 3580 quae
692 3493 774 3562 dixit
800 3517 832 3581 p.
851 3498 972 3562 488ross
1003 3488 1020 3562 δ
1050 3494 1257 3578 βουλόμενος
1290 3493 1327 3582 δὴ
1360 3489 1403 3577 τὴν

282 3602 421 3664 Λυσίου
440 3596 585 3682 δύναμιν
608 3592 753 3685 ἀκριβῶς
775 3602 991 3681 καταμαθεῖν
1014 3597 1049 3664 ἐκ
1073 3605 1138 3665 τῶν
1160 3598 1337 3664 δικανικῶν
1356 3587 1401 3660 oti

282 3698 345 3788 τὴν
365 3701 495 3784 μᾶλλον
517 3699 629 3786 λόγων
650 3695 670 3788 ἢ
694 3699 729 3766 ἐκ
752 3707 819 3767 τῶν
840 3701 1132 3783 συμβουλευτικῶν
1161 3725 1197 3766 τε
1226 3703 1284 3766 καὶ
1311 3720 1400 3780 aurp

281 3811 427 3891 χορικῶν
449 3809 630 3870 σκοπείτω.
671 3803 784 3888 Neque
806 3804 891 3870 enim
906 3803 940 3870 in
955 3803 1006 3885 iis,
1031 3804 1202 3887 dequibus
1218 3805 1330 3888 agitur,
1353 3815 1398 3865 ros

280 3905 518 3994 μαλακώτερος
540 3906 717 3993 premenda
738 3913 803 3988 est,
830 3923 913 3989 quae
936 3906 1020 3973 redit
1046 3928 1078 3992 p.
1098 3909 1174 3971 4961
1206 3907 1285 3993 περὶ
1312 3903 1343 3970 δὲ
1368 3895 1397 3962 τὰ

280 4009 380 4099 πάθη
403 4004 640 4095 μαλακώτερός
664 4007 751 4088 ioum
782 4030 856 4074 nam
880 4006 922 4073 τὰ
944 4006 1043 4096 πάδη
1068 4008 1149 4076 nibil
1171 4027 1332 4075 commune
1351 4005 1394 4069 ho-

279 4115 358 4182 bent
379 4135 451 4182 oum
478 4111 685 4198 panegyricis
715 4111 922 4178 orationibus.
972 4113 1077 4178 Verba
1099 4112 1282 4188 δικανικοῖς
1303 4104 1394 4191 λόγου·

280 4223 366 4283 rente
393 4216 459 4300 legi
480 4215 659 4302 praemissa
689 4214 790 4281 oratio
819 4215 852 4280 in
882 4214 1086 4299 Diogitonem
1113 4215 1243 4298 probat3
1276 4219 1341 4297 post
1363 4223 1391 4270 tt
