<?xml version="1.0" encoding="UTF-8"?>
<!DOCTYPE html PUBLIC "-//W3C//DTD XHTML 1.0 Transitional//EN"
    "http://www.w3.org/TR/xhtml1/DTD/xhtml1-transitional.dtd">
<html xmlns="http://www.w3.org/1999/xhtml" xml:lang="en" lang="en">
 <head>
  <title>
</title>
<meta http-equiv="Content-Type" content="text/html;charset=utf-8" />
  <meta name='ocr-system' content='tesseract 3.04.00' />
  <meta name='ocr-capabilities' content='ocr_page ocr_carea ocr_par ocr_line ocrx_word'/>
</head>
<body>
  <div class='ocr_page' id='page_1' title='image "./dissertationesp02unkngoog/dissertationesp02unkngoog_0085.png"; bbox 0 0 3048 4898; ppageno 0'>
   <div class='ocr_carea' id='block_1_1' title="bbox 717 333 964 417">
    <p class='ocr_par' dir='ltr' id='par_1_1' title="bbox 717 333 964 417">
     <span class='ocr_line' id='line_1_1' title="bbox 717 333 964 417; baseline 0.004 -37"><span class='ocrx_word' id='word_1_1' title='bbox 717 371 758 380; x_wconf 81' lang='lat'>..</span> <span class='ocrx_word' id='word_1_2' title='bbox 805 333 878 417; x_wconf 76' lang='grc'><strong>[76]</strong></span> <span class='ocrx_word' id='word_1_3' title='bbox 926 371 964 381; x_wconf 83' lang='grc'>.-</span> 
     </span>
    </p>
   </div>
   <div class='ocr_carea' id='block_1_2' title="bbox 265 519 1503 3226">
    <p class='ocr_par' dir='ltr' id='par_1_2' title="bbox 265 519 1503 3226">
     <span class='ocr_line' id='line_1_2' title="bbox 402 519 1411 615; baseline 0.002 -23"><span class='ocrx_word' id='word_1_4' title='bbox 402 531 444 592; x_wconf 88' lang='grc'>99</span> <span class='ocrx_word' id='word_1_5' title='bbox 470 521 546 593; x_wconf 74' lang='grc' dir='ltr'><em>ἀντὶ</em></span> <span class='ocrx_word' id='word_1_6' title='bbox 564 523 782 614; x_wconf 80' lang='grc' dir='ltr'><em>κασιγνήτου·</em></span> <span class='ocrx_word' id='word_1_7' title='bbox 802 519 844 593; x_wconf 82' lang='grc' dir='ltr'>σύ</span> <span class='ocrx_word' id='word_1_8' title='bbox 863 527 901 593; x_wconf 75' lang='grc' dir='ltr'>δέ</span> <span class='ocrx_word' id='word_1_9' title='bbox 917 551 985 613; x_wconf 94' lang='grc' dir='ltr'><em>μοι,</em></span> <span class='ocrx_word' id='word_1_10' title='bbox 1004 529 1090 611; x_wconf 79' lang='grc' dir='ltr'><em>φίλι,</em></span> <span class='ocrx_word' id='word_1_11' title='bbox 1109 523 1224 594; x_wconf 79' lang='grc' dir='ltr'><em>ταῦτ’</em></span> <span class='ocrx_word' id='word_1_12' title='bbox 1243 528 1293 596; x_wconf 73' lang='lat' dir='ltr'>tot</span> <span class='ocrx_word' id='word_1_13' title='bbox 1313 537 1411 615; x_wconf 75' lang='grc' dir='ltr'><em>θυμῷ</em></span> 
     </span>
     <span class='ocr_line' id='line_1_3' title="bbox 383 626 1277 721; baseline -0.001 -19"><span class='ocrx_word' id='word_1_14' title='bbox 383 636 447 702; x_wconf 88' lang='grc'>100</span> <span class='ocrx_word' id='word_1_15' title='bbox 514 629 650 719; x_wconf 77' lang='grc' dir='ltr'><strong><em>φράζεο,</em></strong></span> <span class='ocrx_word' id='word_1_16' title='bbox 674 636 730 700; x_wconf 87' lang='grc' dir='ltr'>καί</span> <span class='ocrx_word' id='word_1_17' title='bbox 752 626 835 702; x_wconf 79' lang='grc' dir='ltr'><em>ποτ’</em></span> <span class='ocrx_word' id='word_1_18' title='bbox 858 633 939 719; x_wconf 79' lang='grc' dir='ltr'><em>ἐμοῦ</em></span> <span class='ocrx_word' id='word_1_19' title='bbox 961 631 1100 721; x_wconf 82' lang='grc' dir='ltr'>μνήσεαι</span> <span class='ocrx_word' id='word_1_20' title='bbox 1124 633 1277 716; x_wconf 77' lang='grc' dir='ltr'><em>ἐξοπίσω.</em></span> 
     </span>
     <span class='ocr_line' id='line_1_4' title="bbox 269 751 1412 846; baseline 0.002 -20"><span class='ocrx_word' id='word_1_21' title='bbox 269 760 316 845; x_wconf 91' lang='grc' dir='ltr'>(Α</span> <span class='ocrx_word' id='word_1_22' title='bbox 343 759 427 826; x_wconf 81' lang='lat' dir='ltr'>inira</span> <span class='ocrx_word' id='word_1_23' title='bbox 458 754 615 835; x_wconf 82' lang='grc' dir='ltr'><em>Τοιοῦτός</em></span> <span class='ocrx_word' id='word_1_24' title='bbox 642 782 696 824; x_wconf 87' lang='grc' dir='ltr'>τοι</span> <span class='ocrx_word' id='word_1_25' title='bbox 724 751 808 846; x_wconf 81' lang='grc' dir='ltr'><em>ἀνὴρ</em></span> <span class='ocrx_word' id='word_1_26' title='bbox 837 777 922 825; x_wconf 83' lang='lat' dir='ltr'>eorm</span> <span class='ocrx_word' id='word_1_27' title='bbox 952 765 1063 841; x_wconf 86' lang='grc' dir='ltr'><em>φιλος,</em></span> <span class='ocrx_word' id='word_1_28' title='bbox 1093 763 1120 825; x_wconf 90' lang='lat' dir='ltr'><strong><em>O</em></strong></span> <span class='ocrx_word' id='word_1_29' title='bbox 1147 760 1230 826; x_wconf 88' lang='lat' dir='ltr'>infra</span> <span class='ocrx_word' id='word_1_30' title='bbox 1258 771 1412 839; x_wconf 80' lang='grc' dir='ltr'><em>τοιοῦτος</em></span> 
     </span>
     <span class='ocr_line' id='line_1_5' title="bbox 269 859 1201 954; baseline -0.002 -22"><span class='ocrx_word' id='word_1_31' title='bbox 269 859 353 954; x_wconf 77' lang='grc' dir='ltr'><em>ἀνὴρ</em></span> <span class='ocrx_word' id='word_1_32' title='bbox 378 862 463 933; x_wconf 71' lang='grc' dir='ltr'><em>ἔσται</em></span> <span class='ocrx_word' id='word_1_33' title='bbox 487 867 585 948; x_wconf 75' lang='grc' dir='ltr'><em>φίλος</em></span> <span class='ocrx_word' id='word_1_34' title='bbox 604 905 645 914; x_wconf 84' lang='grc'><em>-</em></span> <span class='ocrx_word' id='word_1_35' title='bbox 665 867 696 932; x_wconf 90' lang='grc' dir='ltr'><em>Α</em></span> <span class='ocrx_word' id='word_1_36' title='bbox 720 865 802 932; x_wconf 79' lang='lat' dir='ltr'>inira</span> <span class='ocrx_word' id='word_1_37' title='bbox 825 859 918 931; x_wconf 84' lang='grc' dir='ltr'><em>τοῦτ’</em></span> <span class='ocrx_word' id='word_1_38' title='bbox 942 870 1020 950; x_wconf 90' lang='grc' dir='ltr'><em>[ιιοιι</em></span> <span class='ocrx_word' id='word_1_39' title='bbox 1039 869 1114 932; x_wconf 89' lang='lat' dir='ltr'>item</span> <span class='ocrx_word' id='word_1_40' title='bbox 1136 867 1201 950; x_wconf 80' lang='grc'>0)),</span> 
     </span>
     <span class='ocr_line' id='line_1_6' title="bbox 269 982 480 1040; baseline -0.009 -1"><span class='ocrx_word' id='word_1_41' title='bbox 269 982 337 1040; x_wconf 94' lang='lat' dir='ltr'>tum</span> <span class='ocrx_word' id='word_1_42' title='bbox 359 995 480 1040; x_wconf 86' lang='lat' dir='ltr'>versus:</span> 
     </span>
     <span class='ocr_line' id='line_1_7' title="bbox 313 1089 1278 1183; baseline 0 -21"><span class='ocrx_word' id='word_1_43' title='bbox 313 1097 378 1163; x_wconf 82' lang='lat'>415</span> <span class='ocrx_word' id='word_1_44' title='bbox 405 1089 543 1162; x_wconf 59' lang='grc' dir='ltr'><em>Οὐδέν</em></span> <span class='ocrx_word' id='word_1_45' title='bbox 567 1089 685 1181; x_wconf 79' lang='grc' dir='ltr'><em>ὁμοῖον</em></span> <span class='ocrx_word' id='word_1_46' title='bbox 710 1095 782 1182; x_wconf 76' lang='grc' dir='ltr'><em>ἐμοὶ</em></span> <span class='ocrx_word' id='word_1_47' title='bbox 807 1094 951 1180; x_wconf 80' lang='grc' dir='ltr'><em>δύναμαι</em></span> <span class='ocrx_word' id='word_1_48' title='bbox 975 1093 1146 1183; x_wconf 74' lang='grc' dir='ltr'><em>διζήμενος</em></span> <span class='ocrx_word' id='word_1_49' title='bbox 1169 1090 1278 1182; x_wconf 74' lang='grc' dir='ltr'><em>εὑρεῖν</em></span> 
     </span>
     <span class='ocr_line' id='line_1_8' title="bbox 315 1195 1238 1290; baseline 0 -21"><span class='ocrx_word' id='word_1_50' title='bbox 315 1205 380 1270; x_wconf 87' lang='grc'>416</span> <span class='ocrx_word' id='word_1_51' title='bbox 448 1195 570 1270; x_wconf 81' lang='grc' dir='ltr'><em>πιστὸν</em></span> <span class='ocrx_word' id='word_1_52' title='bbox 594 1199 738 1288; x_wconf 75' lang='grc' dir='ltr'>ἑταῖρον,</span> <span class='ocrx_word' id='word_1_53' title='bbox 762 1195 831 1289; x_wconf 82' lang='grc' dir='ltr'>ὅτῳ</span> <span class='ocrx_word' id='word_1_54' title='bbox 854 1201 898 1290; x_wconf 83' lang='grc' dir='ltr'>μή</span> <span class='ocrx_word' id='word_1_55' title='bbox 921 1227 971 1280; x_wconf 84' lang='grc' dir='ltr'>τις</span> <span class='ocrx_word' id='word_1_56' title='bbox 995 1201 1102 1270; x_wconf 78' lang='grc' dir='ltr'><em>ἔνεστι</em></span> <span class='ocrx_word' id='word_1_57' title='bbox 1127 1200 1238 1281; x_wconf 74' lang='grc' dir='ltr'><em>δόλος·</em></span> 
     </span>
     <span class='ocr_line' id='line_1_9' title="bbox 312 1302 1412 1396; baseline -0.002 -21"><span class='ocrx_word' id='word_1_58' title='bbox 312 1311 377 1375; x_wconf 84' lang='grc'>417</span> <span class='ocrx_word' id='word_1_59' title='bbox 402 1309 435 1388; x_wconf 81' lang='grc' dir='ltr'>ἐς</span> <span class='ocrx_word' id='word_1_60' title='bbox 456 1306 606 1390; x_wconf 79' lang='grc' dir='ltr'><em>βάσανον</em></span> <span class='ocrx_word' id='word_1_61' title='bbox 631 1303 665 1374; x_wconf 80' lang='grc' dir='ltr'>δ’</span> <span class='ocrx_word' id='word_1_62' title='bbox 688 1302 803 1377; x_wconf 73' lang='grc' dir='ltr'><em>ἐλθών</em></span> <span class='ocrx_word' id='word_1_63' title='bbox 825 1313 1117 1396; x_wconf 75' lang='grc' dir='ltr'><em>παρατρίβομαι</em></span> <span class='ocrx_word' id='word_1_64' title='bbox 1141 1302 1238 1376; x_wconf 75' lang='grc' dir='ltr'><em>ὥστε</em></span> <span class='ocrx_word' id='word_1_65' title='bbox 1262 1311 1412 1395; x_wconf 70' lang='grc' dir='ltr'><em>μολίβδῳ</em></span> 
     </span>
     <span class='ocr_line' id='line_1_10' title="bbox 313 1409 1277 1503; baseline 0 -21"><span class='ocrx_word' id='word_1_66' title='bbox 313 1417 378 1484; x_wconf 88' lang='grc'>418</span> <span class='ocrx_word' id='word_1_67' title='bbox 445 1413 577 1502; x_wconf 83' lang='grc' dir='ltr'><strong><em>χρυσός,</em></strong></span> <span class='ocrx_word' id='word_1_68' title='bbox 601 1410 832 1503; x_wconf 82' lang='grc' dir='ltr'><em>ὑπερτερίης</em></span> <span class='ocrx_word' id='word_1_69' title='bbox 856 1409 1013 1502; x_wconf 79' lang='grc' dir='ltr'><em>δ’ἄμμιν</em></span> <span class='ocrx_word' id='word_1_70' title='bbox 1038 1413 1145 1484; x_wconf 81' lang='grc' dir='ltr'><em>ἔνεστι</em></span> <span class='ocrx_word' id='word_1_71' title='bbox 1169 1414 1277 1502; x_wconf 80' lang='grc' dir='ltr'><em>λόγος.</em></span> 
     </span>
     <span class='ocr_line' id='line_1_11' title="bbox 270 1534 1413 1629; baseline 0 -23"><span class='ocrx_word' id='word_1_72' title='bbox 270 1541 350 1628; x_wconf 80' lang='lat' dir='ltr'>(AO</span> <span class='ocrx_word' id='word_1_73' title='bbox 368 1541 451 1606; x_wconf 84' lang='lat' dir='ltr'>inira</span> <span class='ocrx_word' id='word_1_74' title='bbox 469 1534 636 1606; x_wconf 78' lang='grc' dir='ltr'><em>οὔτιν’-</em></span> <span class='ocrx_word' id='word_1_75' title='bbox 656 1537 943 1626; x_wconf 79' lang='grc' dir='ltr'><em>παρατριβόμενός</em></span> <span class='ocrx_word' id='word_1_76' title='bbox 957 1565 993 1607; x_wconf 85' lang='grc' dir='ltr'>τε</span> <span class='ocrx_word' id='word_1_77' title='bbox 1012 1581 1054 1591; x_wconf 89' lang='grc'>-</span> <span class='ocrx_word' id='word_1_78' title='bbox 1075 1534 1269 1629; x_wconf 79' lang='grc' dir='ltr'><em>ὑπερτερίης</em></span> <span class='ocrx_word' id='word_1_79' title='bbox 1284 1536 1413 1627; x_wconf 80' lang='grc' dir='ltr'><em>ἄμμιν.)</em></span> 
     </span>
     <span class='ocr_line' id='line_1_12' title="bbox 357 1649 1414 1735; baseline 0.001 -22"><span class='ocrx_word' id='word_1_80' title='bbox 357 1649 399 1713; x_wconf 89' lang='grc' dir='ltr'>Η1</span> <span class='ocrx_word' id='word_1_81' title='bbox 418 1649 516 1732; x_wconf 85' lang='lat' dir='ltr'>igitur</span> <span class='ocrx_word' id='word_1_82' title='bbox 533 1669 641 1714; x_wconf 86' lang='lat' dir='ltr'>versus</span> <span class='ocrx_word' id='word_1_83' title='bbox 660 1650 829 1733; x_wconf 76' lang='grc'><strong>(91-100</strong></span> <span class='ocrx_word' id='word_1_84' title='bbox 853 1655 885 1713; x_wconf 90' lang='lat' dir='ltr'>et</span> <span class='ocrx_word' id='word_1_85' title='bbox 903 1649 1094 1735; x_wconf 83' lang='grc'><strong>415-418)</strong></span> <span class='ocrx_word' id='word_1_86' title='bbox 1118 1657 1190 1733; x_wconf 87' lang='lat' dir='ltr'>post</span> <span class='ocrx_word' id='word_1_87' title='bbox 1208 1673 1235 1714; x_wconf 86' lang='lat' dir='ltr'>v.</span> <span class='ocrx_word' id='word_1_88' title='bbox 1258 1651 1343 1714; x_wconf 90' lang='grc'><strong>1164</strong></span> <span class='ocrx_word' id='word_1_89' title='bbox 1363 1671 1414 1714; x_wconf 92' lang='lat' dir='ltr'>re-</span> 
     </span>
     <span class='ocr_line' id='line_1_13' title="bbox 269 1755 1414 1840; baseline 0 -20"><span class='ocrx_word' id='word_1_90' title='bbox 269 1755 361 1840; x_wconf 90' lang='lat' dir='ltr'>petiti</span> <span class='ocrx_word' id='word_1_91' title='bbox 383 1756 423 1819; x_wconf 78' lang='lat' dir='ltr'>&#39;in</span> <span class='ocrx_word' id='word_1_92' title='bbox 450 1755 580 1820; x_wconf 90' lang='lat' dir='ltr'>alterius</span> <span class='ocrx_word' id='word_1_93' title='bbox 607 1756 745 1838; x_wconf 84' lang='lat' dir='ltr'>syllogao</span> <span class='ocrx_word' id='word_1_94' title='bbox 772 1755 943 1840; x_wconf 83' lang='lat' dir='ltr'>archetypo</span> <span class='ocrx_word' id='word_1_95' title='bbox 970 1757 1118 1821; x_wconf 82' lang='lat' dir='ltr'>videntur</span> <span class='ocrx_word' id='word_1_96' title='bbox 1145 1777 1212 1822; x_wconf 88' lang='lat' dir='ltr'>sese</span> <span class='ocrx_word' id='word_1_97' title='bbox 1240 1757 1414 1839; x_wconf 77' lang='lat' dir='ltr'>excepisse:</span> 
     </span>
     <span class='ocr_line' id='line_1_14' title="bbox 269 1861 1415 1946; baseline 0.001 -19"><span class='ocrx_word' id='word_1_98' title='bbox 269 1869 301 1928; x_wconf 89' lang='lat' dir='ltr'>ot</span> <span class='ocrx_word' id='word_1_99' title='bbox 323 1868 471 1946; x_wconf 78' lang='lat' dir='ltr'><strong>poterant</strong></span> <span class='ocrx_word' id='word_1_100' title='bbox 493 1861 554 1926; x_wconf 86' lang='lat' dir='ltr'>hae</span> <span class='ocrx_word' id='word_1_101' title='bbox 582 1863 769 1940; x_wconf 84' lang='lat' dir='ltr'>sententiae,</span> <span class='ocrx_word' id='word_1_102' title='bbox 799 1863 858 1927; x_wconf 90' lang='lat' dir='ltr'>etsi</span> <span class='ocrx_word' id='word_1_103' title='bbox 885 1883 948 1926; x_wconf 93' lang='lat' dir='ltr'>non</span> <span class='ocrx_word' id='word_1_104' title='bbox 972 1863 1111 1928; x_wconf 88' lang='lat' dir='ltr'>eiusdem</span> <span class='ocrx_word' id='word_1_105' title='bbox 1135 1863 1253 1946; x_wconf 82' lang='lat' dir='ltr'>elegiae</span> <span class='ocrx_word' id='word_1_106' title='bbox 1276 1862 1415 1939; x_wconf 78' lang='lat' dir='ltr'>fuerumt,</span> 
     </span>
     <span class='ocr_line' id='line_1_15' title="bbox 268 1969 1414 2054; baseline 0 -20"><span class='ocrx_word' id='word_1_107' title='bbox 268 1969 405 2053; x_wconf 86' lang='lat' dir='ltr'>perbene</span> <span class='ocrx_word' id='word_1_108' title='bbox 442 1969 593 2051; x_wconf 91' lang='lat' dir='ltr'>componi.</span> <span class='ocrx_word' id='word_1_109' title='bbox 653 1969 829 2034; x_wconf 88' lang='lat' dir='ltr'>Genuinam</span> <span class='ocrx_word' id='word_1_110' title='bbox 865 1977 971 2033; x_wconf 87' lang='lat' dir='ltr'>autom</span> <span class='ocrx_word' id='word_1_111' title='bbox 1008 1972 1192 2054; x_wconf 86' lang='lat' dir='ltr'>posterioris</span> <span class='ocrx_word' id='word_1_112' title='bbox 1228 1971 1289 2036; x_wconf 91' lang='lat' dir='ltr'>loci</span> <span class='ocrx_word' id='word_1_113' title='bbox 1322 1969 1414 2054; x_wconf 88' lang='lat' dir='ltr'>(post</span> 
     </span>
     <span class='ocr_line' id='line_1_16' title="bbox 267 2072 1415 2160; baseline 0.002 -21"><span class='ocrx_word' id='word_1_114' title='bbox 267 2097 294 2140; x_wconf 84' lang='lat' dir='ltr'>v.</span> <span class='ocrx_word' id='word_1_115' title='bbox 320 2077 421 2160; x_wconf 92' lang='grc'><strong>1164)</strong></span> <span class='ocrx_word' id='word_1_116' title='bbox 454 2076 619 2141; x_wconf 88' lang='lat' dir='ltr'>lectionem</span> <span class='ocrx_word' id='word_1_117' title='bbox 651 2072 806 2153; x_wconf 82' lang='grc' dir='ltr'><em>τοιοῦτός</em></span> <span class='ocrx_word' id='word_1_118' title='bbox 834 2099 886 2142; x_wconf 86' lang='grc' dir='ltr'>τοι</span> <span class='ocrx_word' id='word_1_119' title='bbox 916 2077 1056 2142; x_wconf 80' lang='lat' dir='ltr'>conicere</span> <span class='ocrx_word' id='word_1_120' title='bbox 1084 2077 1183 2160; x_wconf 89' lang='lat' dir='ltr'>possit</span> <span class='ocrx_word' id='word_1_121' title='bbox 1210 2077 1367 2159; x_wconf 87' lang='lat' dir='ltr'>quispiam</span> <span class='ocrx_word' id='word_1_122' title='bbox 1394 2097 1415 2141; x_wconf 90' lang='lat' dir='ltr'>a</span> 
     </span>
     <span class='ocr_line' id='line_1_17' title="bbox 267 2173 1414 2269; baseline -0.001 -21"><span class='ocrx_word' id='word_1_123' title='bbox 267 2183 382 2266; x_wconf 89' lang='lat' dir='ltr'>prioris</span> <span class='ocrx_word' id='word_1_124' title='bbox 414 2182 552 2266; x_wconf 83' lang='lat' dir='ltr'>syllogae</span> <span class='ocrx_word' id='word_1_125' title='bbox 585 2182 792 2265; x_wconf 88' lang='lat' dir='ltr'>epitomatore</span> <span class='ocrx_word' id='word_1_126' title='bbox 825 2183 896 2248; x_wconf 91' lang='lat' dir='ltr'>ideo</span> <span class='ocrx_word' id='word_1_127' title='bbox 925 2189 1079 2248; x_wconf 90' lang='lat' dir='ltr'>mutatam</span> <span class='ocrx_word' id='word_1_128' title='bbox 1107 2205 1174 2247; x_wconf 85' lang='lat' dir='ltr'>esso</span> <span class='ocrx_word' id='word_1_129' title='bbox 1202 2185 1234 2247; x_wconf 91' lang='lat' dir='ltr'>in</span> <span class='ocrx_word' id='word_1_130' title='bbox 1263 2173 1334 2247; x_wconf 78' lang='grc' dir='ltr'><em>ἀλλ’</em></span> <span class='ocrx_word' id='word_1_131' title='bbox 1363 2182 1414 2269; x_wconf 81' lang='grc' dir='ltr'>εἴη</span> 
     </span>
     <span class='ocr_line' id='line_1_18' title="bbox 268 2289 1414 2373; baseline 0 -19"><span class='ocrx_word' id='word_1_132' title='bbox 268 2296 421 2365; x_wconf 83' lang='grc' dir='ltr'><em>τοιοῦτος</em></span> <span class='ocrx_word' id='word_1_133' title='bbox 445 2290 485 2373; x_wconf 90' lang='lat' dir='ltr'>(v.</span> <span class='ocrx_word' id='word_1_134' title='bbox 505 2289 571 2373; x_wconf 82' lang='lat'>97),</span> <span class='ocrx_word' id='word_1_135' title='bbox 595 2289 679 2371; x_wconf 90' lang='lat' dir='ltr'>quod</span> <span class='ocrx_word' id='word_1_136' title='bbox 702 2290 764 2354; x_wconf 91' lang='lat' dir='ltr'>nisi</span> <span class='ocrx_word' id='word_1_137' title='bbox 782 2291 989 2355; x_wconf 76' lang='lat' dir='ltr'>variationem</span> <span class='ocrx_word' id='word_1_138' title='bbox 1008 2289 1169 2366; x_wconf 84' lang='lat' dir='ltr'>offecisset,</span> <span class='ocrx_word' id='word_1_139' title='bbox 1193 2291 1256 2354; x_wconf 83' lang='lat' dir='ltr'>duo</span> <span class='ocrx_word' id='word_1_140' title='bbox 1276 2289 1414 2354; x_wconf 88' lang='lat' dir='ltr'>disticha</span> 
     </span>
     <span class='ocr_line' id='line_1_19' title="bbox 267 2393 1415 2480; baseline 0.002 -22"><span class='ocrx_word' id='word_1_141' title='bbox 267 2394 465 2479; x_wconf 83' lang='lat' dir='ltr'>insequentia</span> <span class='ocrx_word' id='word_1_142' title='bbox 489 2393 549 2479; x_wconf 81' lang='lat' dir='ltr'>(vv.</span> <span class='ocrx_word' id='word_1_143' title='bbox 568 2394 620 2459; x_wconf 86' lang='lat'>95.</span> <span class='ocrx_word' id='word_1_144' title='bbox 639 2396 681 2460; x_wconf 87' lang='grc'>96</span> <span class='ocrx_word' id='word_1_145' title='bbox 702 2404 734 2461; x_wconf 89' lang='lat' dir='ltr'>et</span> <span class='ocrx_word' id='word_1_146' title='bbox 753 2396 804 2460; x_wconf 85' lang='grc'>97.</span> <span class='ocrx_word' id='word_1_147' title='bbox 823 2395 881 2480; x_wconf 90' lang='grc'>98)</span> <span class='ocrx_word' id='word_1_148' title='bbox 905 2397 945 2462; x_wconf 89' lang='lat' dir='ltr'>ab</span> <span class='ocrx_word' id='word_1_149' title='bbox 965 2397 1081 2461; x_wconf 89' lang='lat' dir='ltr'>eisdem</span> <span class='ocrx_word' id='word_1_150' title='bbox 1100 2396 1289 2480; x_wconf 80' lang='lat' dir='ltr'>incepissent</span> <span class='ocrx_word' id='word_1_151' title='bbox 1307 2397 1415 2461; x_wconf 92' lang='lat' dir='ltr'>verbis</span> 
     </span>
     <span class='ocr_line' id='line_1_20' title="bbox 266 2495 1413 2587; baseline -0.001 -20"><span class='ocrx_word' id='word_1_152' title='bbox 266 2495 421 2577; x_wconf 86' lang='grc' dir='ltr'><em>τοιοῦτός</em></span> <span class='ocrx_word' id='word_1_153' title='bbox 448 2521 510 2565; x_wconf 86' lang='grc' dir='ltr'><em>τοι.</em></span> <span class='ocrx_word' id='word_1_154' title='bbox 567 2502 715 2567; x_wconf 78' lang='lat' dir='ltr'>Attamen</span> <span class='ocrx_word' id='word_1_155' title='bbox 748 2505 800 2566; x_wconf 78' lang='lat' dir='ltr'>rix</span> <span class='ocrx_word' id='word_1_156' title='bbox 826 2504 929 2568; x_wconf 91' lang='lat' dir='ltr'>miuus</span> <span class='ocrx_word' id='word_1_157' title='bbox 961 2503 1168 2587; x_wconf 86' lang='lat' dir='ltr'>probabiliter</span> <span class='ocrx_word' id='word_1_158' title='bbox 1201 2509 1297 2584; x_wconf 88' lang='lat' dir='ltr'>atquc</span> <span class='ocrx_word' id='word_1_159' title='bbox 1330 2504 1413 2566; x_wconf 88' lang='lat' dir='ltr'>adeo</span> 
     </span>
     <span class='ocr_line' id='line_1_21' title="bbox 266 2589 1503 2693; baseline 0.002 -21"><span class='ocrx_word' id='word_1_160' title='bbox 266 2606 461 2691; x_wconf 85' lang='lat' dir='ltr'>probabilius</span> <span class='ocrx_word' id='word_1_161' title='bbox 484 2601 540 2672; x_wconf 91' lang='lat' dir='ltr'>alii</span> <span class='ocrx_word' id='word_1_162' title='bbox 563 2609 755 2674; x_wconf 91' lang='lat' dir='ltr'>coniecerint</span> <span class='ocrx_word' id='word_1_163' title='bbox 778 2610 862 2693; x_wconf 88' lang='lat' dir='ltr'>apud</span> <span class='ocrx_word' id='word_1_164' title='bbox 881 2609 1097 2693; x_wconf 84' lang='lat' dir='ltr'>Theognidem</span> <span class='ocrx_word' id='word_1_165' title='bbox 1120 2631 1227 2674; x_wconf 87' lang='lat' dir='ltr'>versus</span> <span class='ocrx_word' id='word_1_166' title='bbox 1247 2609 1414 2684; x_wconf 81' lang='grc'><strong>97-100,</strong></span> <span class='ocrx_word' id='word_1_167' title='bbox 1502 2589 1503 2602; x_wconf 32' lang='lat'>¹</span> 
     </span>
     <span class='ocr_line' id='line_1_22' title="bbox 266 2714 1413 2799; baseline 0.003 -21"><span class='ocrx_word' id='word_1_168' title='bbox 266 2714 375 2797; x_wconf 86' lang='lat' dir='ltr'>quales</span> <span class='ocrx_word' id='word_1_169' title='bbox 405 2715 438 2779; x_wconf 92' lang='lat' dir='ltr'>in</span> <span class='ocrx_word' id='word_1_170' title='bbox 465 2716 570 2797; x_wconf 87' lang='lat' dir='ltr'>priore</span> <span class='ocrx_word' id='word_1_171' title='bbox 598 2715 719 2799; x_wconf 85' lang='lat' dir='ltr'>sylloga</span> <span class='ocrx_word' id='word_1_172' title='bbox 745 2717 909 2799; x_wconf 85' lang='lat' dir='ltr'>leguntur,</span> <span class='ocrx_word' id='word_1_173' title='bbox 936 2738 1005 2782; x_wconf 92' lang='lat' dir='ltr'>cum</span> <span class='ocrx_word' id='word_1_174' title='bbox 1032 2716 1174 2782; x_wconf 84' lang='lat' dir='ltr'>versibus</span> <span class='ocrx_word' id='word_1_175' title='bbox 1202 2716 1334 2780; x_wconf 84' lang='lat'>93-96</span> <span class='ocrx_word' id='word_1_176' title='bbox 1359 2737 1413 2781; x_wconf 91' lang='lat' dir='ltr'>oo·</span> 
     </span>
     <span class='ocr_line' id='line_1_23' title="bbox 265 2820 1412 2906; baseline 0.003 -21"><span class='ocrx_word' id='word_1_177' title='bbox 265 2820 417 2898; x_wconf 84' lang='lat' dir='ltr'>haesisse,</span> <span class='ocrx_word' id='word_1_178' title='bbox 445 2823 676 2904; x_wconf 85' lang='lat' dir='ltr'>genuinamque</span> <span class='ocrx_word' id='word_1_179' title='bbox 704 2822 836 2888; x_wconf 88' lang='lat' dir='ltr'>formam</span> <span class='ocrx_word' id='word_1_180' title='bbox 866 2845 934 2888; x_wconf 87' lang='lat' dir='ltr'>cam</span> <span class='ocrx_word' id='word_1_181' title='bbox 964 2823 1073 2900; x_wconf 87' lang='lat' dir='ltr'>fuisse,</span> <span class='ocrx_word' id='word_1_182' title='bbox 1102 2844 1182 2906; x_wconf 89' lang='lat' dir='ltr'>quae</span> <span class='ocrx_word' id='word_1_183' title='bbox 1209 2845 1229 2888; x_wconf 90' lang='lat' dir='ltr'>a</span> <span class='ocrx_word' id='word_1_184' title='bbox 1255 2823 1412 2906; x_wconf 86' lang='lat' dir='ltr'>particula</span> 
     </span>
     <span class='ocr_line' id='line_1_24' title="bbox 267 2919 1414 3012; baseline 0 -20"><span class='ocrx_word' id='word_1_185' title='bbox 267 2919 350 2992; x_wconf 79' lang='grc' dir='ltr'><em>ἀλλὰ</em></span> <span class='ocrx_word' id='word_1_186' title='bbox 383 2929 526 3012; x_wconf 65' lang='lat' dir='ltr'>incipiam</span> <span class='ocrx_word' id='word_1_187' title='bbox 560 2931 641 3012; x_wconf 86' lang='lat' dir='ltr'>quod</span> <span class='ocrx_word' id='word_1_188' title='bbox 671 2930 725 3012; x_wconf 91' lang='lat' dir='ltr'>qui</span> <span class='ocrx_word' id='word_1_189' title='bbox 753 2931 937 3006; x_wconf 89' lang='lat' dir='ltr'>statuerint,</span> <span class='ocrx_word' id='word_1_190' title='bbox 973 2930 1140 2995; x_wconf 88' lang='lat' dir='ltr'>lectionem</span> <span class='ocrx_word' id='word_1_191' title='bbox 1172 2924 1326 3004; x_wconf 83' lang='grc' dir='ltr'><em>τοιοῦτός</em></span> <span class='ocrx_word' id='word_1_192' title='bbox 1358 2951 1414 2993; x_wconf 91' lang='grc' dir='ltr'>τοι</span> 
     </span>
     <span class='ocr_line' id='line_1_25' title="bbox 266 3025 1413 3123; baseline 0.002 -25"><span class='ocrx_word' id='word_1_193' title='bbox 266 3025 349 3120; x_wconf 74' lang='grc' dir='ltr'><em>ἀνὴρ</em></span> <span class='ocrx_word' id='word_1_194' title='bbox 373 3030 459 3100; x_wconf 74' lang='grc' dir='ltr'><em>ἔσται</em></span> <span class='ocrx_word' id='word_1_195' title='bbox 483 3036 580 3116; x_wconf 81' lang='grc' dir='ltr'><em>φίλος</em></span> <span class='ocrx_word' id='word_1_196' title='bbox 608 3037 653 3119; x_wconf 90' lang='lat' dir='ltr'>(in</span> <span class='ocrx_word' id='word_1_197' title='bbox 679 3037 710 3100; x_wconf 87' lang='grc' dir='ltr'><em>Α</em></span> <span class='ocrx_word' id='word_1_198' title='bbox 732 3043 805 3120; x_wconf 91' lang='lat' dir='ltr'>post</span> <span class='ocrx_word' id='word_1_199' title='bbox 828 3058 854 3101; x_wconf 85' lang='grc' dir='ltr'>ι.</span> <span class='ocrx_word' id='word_1_200' title='bbox 880 3036 979 3123; x_wconf 88' lang='grc'><strong>1164)</strong></span> <span class='ocrx_word' id='word_1_201' title='bbox 1009 3038 1056 3101; x_wconf 90' lang='lat' dir='ltr'>ita</span> <span class='ocrx_word' id='word_1_202' title='bbox 1078 3045 1185 3102; x_wconf 89' lang='lat' dir='ltr'>natam</span> <span class='ocrx_word' id='word_1_203' title='bbox 1215 3055 1282 3102; x_wconf 86' lang='lat' dir='ltr'>csse</span> <span class='ocrx_word' id='word_1_204' title='bbox 1308 3037 1413 3119; x_wconf 89' lang='lat' dir='ltr'>suspi-</span> 
     </span>
     <span class='ocr_line' id='line_1_26' title="bbox 266 3140 1412 3226; baseline 0.001 -21"><span class='ocrx_word' id='word_1_205' title='bbox 266 3140 382 3205; x_wconf 92' lang='lat' dir='ltr'>oabunt</span> <span class='ocrx_word' id='word_1_206' title='bbox 368 3147 430 3217; x_wconf 91' lang='lat' dir='ltr'>t‚ur</span> <span class='ocrx_word' id='word_1_207' title='bbox 457 3143 646 3207; x_wconf 89' lang='lat' dir='ltr'>uttalterius</span> <span class='ocrx_word' id='word_1_208' title='bbox 669 3143 807 3226; x_wconf 86' lang='lat' dir='ltr'>syllogao</span> <span class='ocrx_word' id='word_1_209' title='bbox 830 3151 950 3221; x_wconf 88' lang='lat' dir='ltr'>auctor,</span> <span class='ocrx_word' id='word_1_210' title='bbox 974 3163 1043 3208; x_wconf 91' lang='lat' dir='ltr'>cum</span> <span class='ocrx_word' id='word_1_211' title='bbox 1067 3165 1174 3208; x_wconf 86' lang='lat' dir='ltr'>versus</span> <span class='ocrx_word' id='word_1_212' title='bbox 1197 3141 1329 3207; x_wconf 87' lang='grc'>93-96</span> <span class='ocrx_word' id='word_1_213' title='bbox 1353 3141 1412 3206; x_wconf 85' lang='lat' dir='ltr'>ab·</span> 
     </span>
    </p>
   </div>
   <div class='ocr_carea' id='block_1_3' title="bbox 156 3245 1411 3335">
    <p class='ocr_par' dir='ltr' id='par_1_3' title="bbox 156 3245 1411 3335">
     <span class='ocr_line' id='line_1_27' title="bbox 156 3245 1411 3335; baseline 0.002 -25"><span class='ocrx_word' id='word_1_214' title='bbox 156 3245 159 3252; x_wconf 83' lang='lat'>&#39;</span> <span class='ocrx_word' id='word_1_215' title='bbox 265 3247 397 3325; x_wconf 86' lang='lat' dir='ltr'>iecisset,</span> <span class='ocrx_word' id='word_1_216' title='bbox 420 3269 458 3312; x_wconf 88' lang='lat' dir='ltr'>ex</span> <span class='ocrx_word' id='word_1_217' title='bbox 483 3269 574 3312; x_wconf 88' lang='lat' dir='ltr'>versu</span> <span class='ocrx_word' id='word_1_218' title='bbox 592 3248 635 3312; x_wconf 82' lang='lat'>95</span> <span class='ocrx_word' id='word_1_219' title='bbox 658 3249 831 3314; x_wconf 86' lang='lat' dir='ltr'>hoxamet</span> <span class='ocrx_word' id='word_1_220' title='bbox 791 3255 834 3314; x_wconf 90' lang='lat' dir='ltr'>trr</span> <span class='ocrx_word' id='word_1_221' title='bbox 858 3251 918 3315; x_wconf 93' lang='lat' dir='ltr'>init</span> <span class='ocrx_word' id='word_1_222' title='bbox 920 3251 984 3314; x_wconf 90' lang='lat' dir='ltr'>ium</span> <span class='ocrx_word' id='word_1_223' title='bbox 1002 3250 1269 3335; x_wconf 86' lang='lat' dir='ltr'>depromeret.-</span> <span class='ocrx_word' id='word_1_224' title='bbox 1230 3247 1411 3314; x_wconf 89' lang='lat' dir='ltr'>Versus</span> 
     </span>
    </p>
   </div>
   <div class='ocr_carea' id='block_1_4' title="bbox 265 3353 1414 3866">
    <p class='ocr_par' dir='ltr' id='par_1_4' title="bbox 265 3353 1414 3760">
     <span class='ocr_line' id='line_1_28' title="bbox 265 3353 1411 3441; baseline 0.003 -24"><span class='ocrx_word' id='word_1_225' title='bbox 265 3353 379 3419; x_wconf 88' lang='lat' dir='ltr'>deinde</span> <span class='ocrx_word' id='word_1_226' title='bbox 402 3353 1186 3441; x_wconf 59' lang='grc' dir='ltr'><strong>σιν-4181111011)111111101111164</strong></span> <span class='ocrx_word' id='word_1_227' title='bbox 1210 3355 1320 3421; x_wconf 89' lang='lat' dir='ltr'>molius</span> <span class='ocrx_word' id='word_1_228' title='bbox 1344 3377 1411 3421; x_wconf 90' lang='lat' dir='ltr'>scr-</span> 
     </span>
     <span class='ocr_line' id='line_1_29' title="bbox 265 3459 1414 3548; baseline 0.006 -27"><span class='ocrx_word' id='word_1_229' title='bbox 265 3461 330 3525; x_wconf 88' lang='lat' dir='ltr'>vati</span> <span class='ocrx_word' id='word_1_230' title='bbox 354 3465 443 3536; x_wconf 83' lang='lat' dir='ltr'>sunt3</span> <span class='ocrx_word' id='word_1_231' title='bbox 471 3461 569 3545; x_wconf 91' lang='lat' dir='ltr'>script</span> <span class='ocrx_word' id='word_1_232' title='bbox 570 3481 659 3525; x_wconf 89' lang='lat' dir='ltr'>uram</span> <span class='ocrx_word' id='word_1_233' title='bbox 682 3459 970 3548; x_wconf 79' lang='grc' dir='ltr'><em>ααρατριβόμινός</em></span> <span class='ocrx_word' id='word_1_234' title='bbox 997 3487 1032 3527; x_wconf 76' lang='grc' dir='ltr'>τε</span> <span class='ocrx_word' id='word_1_235' title='bbox 1062 3463 1146 3528; x_wconf 91' lang='lat' dir='ltr'>enim</span> <span class='ocrx_word' id='word_1_236' title='bbox 1173 3463 1414 3547; x_wconf 84' lang='lat' dir='ltr'>praeferendam</span> 
     </span>
     <span class='ocr_line' id='line_1_30' title="bbox 266 3567 1413 3653; baseline 0.004 -22"><span class='ocrx_word' id='word_1_237' title='bbox 266 3569 424 3632; x_wconf 81' lang='lat' dir='ltr'>osseul</span> <span class='ocrx_word' id='word_1_238' title='bbox 409 3567 494 3632; x_wconf 82' lang='grc'><strong>1105</strong></span> <span class='ocrx_word' id='word_1_239' title='bbox 518 3568 618 3632; x_wconf 89' lang='lat' dir='ltr'>docet.</span> <span class='ocrx_word' id='word_1_240' title='bbox 596 3568 655 3653; x_wconf 92' lang='grc'>11)</span> <span class='ocrx_word' id='word_1_241' title='bbox 701 3569 791 3646; x_wconf 85' lang='lat' dir='ltr'>Quod</span> <span class='ocrx_word' id='word_1_242' title='bbox 819 3577 924 3634; x_wconf 88' lang='lat' dir='ltr'>autem</span> <span class='ocrx_word' id='word_1_243' title='bbox 953 3571 985 3634; x_wconf 94' lang='lat' dir='ltr'>in</span> <span class='ocrx_word' id='word_1_244' title='bbox 1008 3571 1039 3635; x_wconf 86' lang='grc' dir='ltr'><em>Α</em></span> <span class='ocrx_word' id='word_1_245' title='bbox 1063 3577 1185 3653; x_wconf 90' lang='lat' dir='ltr'>postv</span> <span class='ocrx_word' id='word_1_246' title='bbox 1212 3571 1296 3634; x_wconf 85' lang='lat'>1164</span> <span class='ocrx_word' id='word_1_247' title='bbox 1325 3571 1413 3653; x_wconf 89' lang='lat' dir='ltr'>(post</span> 
     </span>
     <span class='ocr_line' id='line_1_31' title="bbox 266 3665 1412 3760; baseline 0.004 -25"><span class='ocrx_word' id='word_1_248' title='bbox 266 3671 298 3749; x_wconf 76' lang='grc' dir='ltr'>ἐς</span> <span class='ocrx_word' id='word_1_249' title='bbox 320 3666 485 3758; x_wconf 84' lang='grc' dir='ltr'>βάσανον)</span> <span class='ocrx_word' id='word_1_250' title='bbox 509 3665 624 3756; x_wconf 79' lang='grc' dir='ltr'><em>ριοδ’</em></span> <span class='ocrx_word' id='word_1_251' title='bbox 647 3675 725 3757; x_wconf 84' lang='lat' dir='ltr'>legit</span> <span class='ocrx_word' id='word_1_252' title='bbox 726 3668 829 3752; x_wconf 84' lang='lat' dir='ltr'>urr&#39;,</span> <span class='ocrx_word' id='word_1_253' title='bbox 852 3675 886 3740; x_wconf 89' lang='lat' dir='ltr'>id</span> <span class='ocrx_word' id='word_1_254' title='bbox 909 3677 1021 3742; x_wconf 88' lang='lat' dir='ltr'>calami</span> <span class='ocrx_word' id='word_1_255' title='bbox 1045 3677 1147 3760; x_wconf 86' lang='lat' dir='ltr'>lapsui</span> <span class='ocrx_word' id='word_1_256' title='bbox 1171 3676 1346 3741; x_wconf 88' lang='lat' dir='ltr'>tribuerim.</span> <span class='ocrx_word' id='word_1_257' title='bbox 1368 3715 1412 3724; x_wconf 90' lang='lat'><em>-</em></span> 
     </span>
    </p>

    <p class='ocr_par' dir='ltr' id='par_1_5' title="bbox 344 3775 1413 3866">
     <span class='ocr_line' id='line_1_32' title="bbox 344 3775 1413 3866; baseline 0.006 -24"><span class='ocrx_word' id='word_1_258' title='bbox 344 3775 511 3844; x_wconf 86' lang='lat' dir='ltr'>Difficilior</span> <span class='ocrx_word' id='word_1_259' title='bbox 526 3779 582 3844; x_wconf 92' lang='lat' dir='ltr'>illa</span> <span class='ocrx_word' id='word_1_260' title='bbox 596 3787 644 3846; x_wconf 88' lang='lat' dir='ltr'>cst</span> <span class='ocrx_word' id='word_1_261' title='bbox 659 3783 813 3864; x_wconf 89' lang='lat' dir='ltr'>quaestio,</span> <span class='ocrx_word' id='word_1_262' title='bbox 829 3783 905 3866; x_wconf 90' lang='lat' dir='ltr'>quid</span> <span class='ocrx_word' id='word_1_263' title='bbox 922 3784 962 3848; x_wconf 89' lang='lat' dir='ltr'>dc</span> <span class='ocrx_word' id='word_1_264' title='bbox 977 3783 1119 3848; x_wconf 83' lang='lat' dir='ltr'>versibus</span> <span class='ocrx_word' id='word_1_265' title='bbox 1129 3783 1261 3848; x_wconf 78' lang='grc'><strong>57-60</strong></span> <span class='ocrx_word' id='word_1_266' title='bbox 1271 3785 1413 3850; x_wconf 88' lang='lat' dir='ltr'>iudican-</span> 
     </span>
    </p>
   </div>
   <div class='ocr_carea' id='block_1_5' title="bbox 263 4025 1412 4458">
    <p class='ocr_par' dir='ltr' id='par_1_6' title="bbox 263 4025 1412 4458">
     <span class='ocr_line' id='line_1_33' title="bbox 353 4025 1408 4101; baseline 0.009 -22"><span class='ocrx_word' id='word_1_267' title='bbox 353 4027 374 4089; x_wconf 83' lang='lat'>¹)</span> <span class='ocrx_word' id='word_1_268' title='bbox 393 4025 441 4080; x_wconf 83' lang='lat' dir='ltr'>cir.</span> <span class='ocrx_word' id='word_1_269' title='bbox 461 4027 639 4082; x_wconf 84' lang='lat' dir='ltr'>Heruerdeni</span> <span class='ocrx_word' id='word_1_270' title='bbox 662 4027 931 4095; x_wconf 73' lang='lat' dir='ltr'>(animadversiones</span> <span class='ocrx_word' id='word_1_271' title='bbox 955 4029 1139 4100; x_wconf 79' lang='lat' dir='ltr'>philologicos</span> <span class='ocrx_word' id='word_1_272' title='bbox 1158 4029 1186 4086; x_wconf 90' lang='lat' dir='ltr'>in</span> <span class='ocrx_word' id='word_1_273' title='bbox 1206 4031 1408 4101; x_wconf 82' lang='lat' dir='ltr'>Theognidem,</span> 
     </span>
     <span class='ocr_line' id='line_1_34' title="bbox 264 4112 1412 4188; baseline 0.009 -21"><span class='ocrx_word' id='word_1_274' title='bbox 264 4112 387 4169; x_wconf 87' lang='lat' dir='ltr'>Traiecti</span> <span class='ocrx_word' id='word_1_275' title='bbox 405 4115 440 4170; x_wconf 88' lang='lat' dir='ltr'>ad</span> <span class='ocrx_word' id='word_1_276' title='bbox 460 4115 512 4170; x_wconf 90' lang='lat' dir='ltr'>Rh.</span> <span class='ocrx_word' id='word_1_277' title='bbox 533 4117 611 4175; x_wconf 83' lang='grc'><strong>18101</strong></span> <span class='ocrx_word' id='word_1_278' title='bbox 631 4115 762 4172; x_wconf 88' lang='lat' dir='ltr'>iudicium</span> <span class='ocrx_word' id='word_1_279' title='bbox 783 4117 816 4171; x_wconf 86' lang='lat' dir='ltr'>de</span> <span class='ocrx_word' id='word_1_280' title='bbox 836 4118 879 4172; x_wconf 89' lang='lat' dir='ltr'>his</span> <span class='ocrx_word' id='word_1_281' title='bbox 899 4119 1036 4182; x_wconf 78' lang='lat' dir='ltr'>versibus,</span> <span class='ocrx_word' id='word_1_282' title='bbox 1057 4119 1103 4188; x_wconf 94' lang='lat' dir='ltr'>qni</span> <span class='ocrx_word' id='word_1_283' title='bbox 1123 4119 1165 4174; x_wconf 84' lang='lat' dir='ltr'>vir</span> <span class='ocrx_word' id='word_1_284' title='bbox 1184 4121 1293 4186; x_wconf 87' lang='lat' dir='ltr'>doctus,</span> <span class='ocrx_word' id='word_1_285' title='bbox 1319 4127 1351 4176; x_wconf 92' lang='lat' dir='ltr'>ut</span> <span class='ocrx_word' id='word_1_286' title='bbox 1369 4130 1412 4177; x_wconf 90' lang='lat' dir='ltr'>est</span> 
     </span>
     <span class='ocr_line' id='line_1_35' title="bbox 264 4202 1409 4280; baseline 0.009 -24"><span class='ocrx_word' id='word_1_287' title='bbox 264 4202 481 4258; x_wconf 87' lang='lat' dir='ltr'>coniecturarum</span> <span class='ocrx_word' id='word_1_288' title='bbox 505 4221 611 4270; x_wconf 87' lang='lat' dir='ltr'>amans,</span> <span class='ocrx_word' id='word_1_289' title='bbox 639 4221 688 4274; x_wconf 90' lang='lat' dir='ltr'>pro</span> <span class='ocrx_word' id='word_1_290' title='bbox 711 4207 836 4280; x_wconf 76' lang='grc' dir='ltr'><em>μολίβδῳ</em></span> <span class='ocrx_word' id='word_1_291' title='bbox 864 4207 977 4276; x_wconf 87' lang='lat' dir='ltr'>probam</span> <span class='ocrx_word' id='word_1_292' title='bbox 1002 4215 1029 4263; x_wconf 88' lang='lat' dir='ltr'>ot</span> <span class='ocrx_word' id='word_1_293' title='bbox 1052 4209 1193 4278; x_wconf 84' lang='lat' dir='ltr'>antiquam</span> <span class='ocrx_word' id='word_1_294' title='bbox 1218 4209 1333 4264; x_wconf 81' lang='lat' dir='ltr'>formam</span> <span class='ocrx_word' id='word_1_295' title='bbox 1359 4230 1409 4278; x_wconf 89' lang='grc' dir='ltr'>μο-</span> 
     </span>
     <span class='ocr_line' id='line_1_36' title="bbox 263 4285 1410 4402; baseline 0.008 -56"><span class='ocrx_word' id='word_1_296' title='bbox 263 4285 355 4365; x_wconf 66' lang='grc' dir='ltr'><strong><em>λύβδῳ</em></strong></span> <span class='ocrx_word' id='word_1_297' title='bbox 374 4293 559 4362; x_wconf 85' lang='lat' dir='ltr'>reponendam</span> <span class='ocrx_word' id='word_1_298' title='bbox 578 4309 637 4350; x_wconf 86' lang='lat' dir='ltr'>esse</span> <span class='ocrx_word' id='word_1_299' title='bbox 658 4302 764 4364; x_wconf 78' lang='lat' dir='ltr'>censct3</span> <span class='ocrx_word' id='word_1_300' title='bbox 788 4296 861 4352; x_wconf 87' lang='lat' dir='ltr'>idem</span> <span class='ocrx_word' id='word_1_301' title='bbox 881 4313 941 4352; x_wconf 90' lang='lat' dir='ltr'>cum</span> <span class='ocrx_word' id='word_1_302' title='bbox 944 4293 1153 4402; x_wconf 49' lang='grc' dir='ltr'><em>νὺπεριερίης.</em></span> <span class='ocrx_word' id='word_1_303' title='bbox 1174 4293 1284 4368; x_wconf 82' lang='grc' dir='ltr'><em>,λόγος</em></span> <span class='ocrx_word' id='word_1_304' title='bbox 1307 4299 1410 4368; x_wconf 87' lang='lat' dir='ltr'>depra-</span> 
     </span>
     <span class='ocr_line' id='line_1_37' title="bbox 263 4377 1146 4458; baseline 0.008 -24"><span class='ocrx_word' id='word_1_305' title='bbox 263 4385 354 4434; x_wconf 85' lang='lat' dir='ltr'>vatum</span> <span class='ocrx_word' id='word_1_306' title='bbox 374 4387 460 4450; x_wconf 88' lang='lat' dir='ltr'>putet,</span> <span class='ocrx_word' id='word_1_307' title='bbox 481 4382 593 4438; x_wconf 87' lang='lat' dir='ltr'>conicit:</span> <span class='ocrx_word' id='word_1_308' title='bbox 614 4377 765 4456; x_wconf 71' lang='grc' dir='ltr'><em>ὑπερτερίῃ</em></span> <span class='ocrx_word' id='word_1_309' title='bbox 785 4377 846 4436; x_wconf 77' lang='grc' dir='ltr'>δ’</span> <span class='ocrx_word' id='word_1_310' title='bbox 827 4405 922 4454; x_wconf 88' lang='grc' dir='ltr'><em>αμμον</em></span> <span class='ocrx_word' id='word_1_311' title='bbox 941 4379 1034 4442; x_wconf 72' lang='grc' dir='ltr'><em>ἔνεστι</em></span> <span class='ocrx_word' id='word_1_312' title='bbox 1053 4382 1146 4458; x_wconf 85' lang='grc' dir='ltr'><em>λόγος.</em></span> 
     </span>
    </p>
   </div>
   <div class='ocr_carea' id='block_1_6' title="bbox 0 0 1528 4898">
    <p class='ocr_par' dir='ltr' id='par_1_7' title="bbox 0 0 1528 4898">
     <span class='ocr_line' id='line_1_38' title="bbox 0 0 1528 4898; baseline 0 0"><span class='ocrx_word' id='word_1_313' title='bbox 0 0 1528 4898; x_wconf 95' lang='lat' dir='ltr'> </span> 
     </span>
    </p>
   </div>
  </div>
 </body>
</html>
