3010 4896
374 715 485 778 Restat
512 721 547 778 ut
574 714 614 778 de
646 715 783 797 propriis
816 711 933 778 Suidae
960 713 1064 792 uitiis,
1097 733 1178 796 quae
1205 710 1276 794 plus
1303 715 1417 773 centnm

286 827 319 886 et
345 821 460 904 uiginti
488 822 519 884 in
544 820 695 904 Equitum
723 819 831 884 labula
853 825 1039 896 occurrunt,
1062 819 1243 883 disseratur.
1289 816 1419 894 Quarum
1489 825 1490 838 ¹

286 926 349 993 tria
375 934 449 992 sunt
476 927 682 992 discernenda
709 947 839 1010 genera:
867 927 1004 1010 primurn
1032 947 1138 990 carum
1164 925 1369 988 mutationum
1391 928 1420 984 ct

286 1035 502 1108 omissionum,
529 1055 606 1118 quas
630 1033 744 1099 Suidas
772 1035 838 1117 ipse
866 1034 898 1096 in
927 1032 1121 1115 excerpendo
1148 1054 1203 1097 suo
1226 1031 1333 1096 codice
1355 1029 1420 1093 Ari·

286 1141 460 1224 stophaneo
484 1148 595 1225 sponte
618 1163 655 1207 ac
678 1141 809 1206 consilio
832 1141 1001 1205 admittere
1023 1161 1085 1204 non
1103 1138 1270 1214 dubitauit,
1293 1138 1420 1202 alterum
1489 1183 1490 1214 ,

286 1268 393 1312 eorum
422 1269 502 1331 quae
525 1247 639 1312 Suidas
663 1245 861 1331 neglegentia
884 1254 939 1311 aut
963 1247 1122 1312 oculorum
1149 1267 1254 1311 errore
1276 1243 1422 1330 peccauit,

285 1355 414 1419 tertium
441 1377 550 1420 earum
577 1354 838 1438 corruptelarum,
871 1375 952 1438 quae
979 1353 1117 1419 incuriae
1144 1353 1343 1417 librariorum
1370 1351 1421 1414 de
1489 1389 1490 1430 ι

284 1459 409 1539 bantur,
432 1461 486 1546 qui
511 1461 635 1527 codices
657 1460 751 1526 lexici
774 1459 905 1526 Suidani
927 1469 1052 1526 nostros
1076 1467 1293 1525 exercuerunt
1489 1439 1490 1456 ¹

373 1568 420 1633 Ae
441 1569 577 1652 primum
596 1568 722 1652 quidem
741 1588 811 1632 cum
830 1571 906 1644 eius,
924 1569 978 1650 qui
998 1568 1093 1632 huius
1110 1567 1203 1632 lexici
1222 1566 1422 1630 fundamenta

286 1675 373 1752 iecit,
405 1675 437 1740 id
465 1675 599 1740 maxime
628 1677 805 1751 interesset,
836 1681 873 1738 ut
901 1696 993 1739 uoces
1021 1674 1315 1756 enuntiationesque
1343 1671 1422 1756 apud

285 1781 432 1864 aequales
455 1802 527 1846 suos
551 1781 719 1846 inusitatas
743 1782 955 1866 exemplorum
984 1781 1075 1864 copia
1097 1803 1135 1846 ex
1158 1782 1255 1846 uariis
1278 1781 1423 1844 maxime·
1489 1777 1490 1860 l

284 1909 346 1970 que
368 1888 484 1953 Atticis
507 1888 714 1971 scriptoribus
738 1889 904 1971 desumpta
927 1889 1110 1965 illustraret,
1132 1889 1174 1952 ad
1197 1887 1271 1953 talis
1294 1887 1423 1970 scripto-
1489 1865 1490 1948 l

284 1994 329 2059 ris
356 1995 407 2059 uel
434 1995 648 2078 compilatoris
675 1995 931 2060 consuetudinem
959 1995 1159 2078 indolemque
1187 1993 1324 2079 perbene
1352 2014 1424 2076 qua·
1489 1995 1490 2084 J

234 2095 238 2105 ¹
285 2101 358 2166 diat
384 2102 469 2184 quod
496 2123 555 2166 uec
582 2103 736 2167 rationem
763 2101 875 2166 habuit
903 2103 1008 2184 legum
1035 2103 1237 2166 metricarum
1259 2124 1339 2186 quas
1363 2101 1424 2185 ipso
1489 2125 1490 2192 l

284 2208 338 2272 uix
361 2214 493 2274 nouerat
514 2231 573 2274 nec
596 2209 736 2274 seruauit
759 2209 979 2292 ordinemque
1007 2209 1092 2292 apud
1115 2209 1308 2293 scriptorem,
1335 2229 1423 2290 quem
1489 2193 1490 2252 l

284 2315 446 2397 expilauit,
468 2317 569 2381 uerba
591 2315 751 2394 extabant,
774 2337 832 2380 nec
854 2316 994 2400 pepercit
1017 2316 1093 2398 ipsis
1113 2315 1220 2380 uerbis
1238 2317 1292 2380 sed
1312 2320 1424 2380 temore

284 2421 434 2499 mutauit,
468 2423 494 2488 si
528 2445 591 2505 qua
622 2423 790 2488 uerborum
823 2423 1008 2507 compositio
1035 2429 1172 2488 mentem
1200 2423 1297 2506 ipsius
1324 2427 1423 2486 trans-

284 2528 502 2610 gradiebatur,
539 2531 632 2594 eiecit
667 2530 695 2594 si
732 2549 813 2612 quae
844 2530 945 2595 uerba
977 2531 1036 2616 ipsi
1069 2529 1195 2594 inutilia
1229 2529 1424 2604 uidebantur,

284 2655 406 2699 summa
429 2636 564 2719 denique
592 2642 624 2701 ot
651 2637 779 2701 licentia
806 2643 838 2701 et
865 2637 1066 2720 neglegentia
1088 2637 1122 2702 in
1144 2637 1348 2721 excerpendis
1371 2637 1424 2701 eli·

284 2740 471 2826 gendisque'
478 2748 592 2826 poetae
615 2742 720 2808 uerbis
743 2765 816 2808 usus
840 2751 896 2808 ost.
945 2743 1023 2808 Pars
1052 2744 1149 2826 igitur
1177 2746 1424 2828 corruptelarum
1489 2727 1490 2782 l

284 2849 317 2913 in
344 2846 461 2914 Suidae
488 2848 587 2914 lexico
615 2849 847 2915 occurrentium
873 2849 989 2916 Suidae
1013 2851 1110 2933 ipsius
1134 2851 1281 2916 licentiae
1304 2851 1424 2915 crimini
1489 2897 1490 2902 η

284 2955 439 3020 uertenda
465 2962 520 3021 eet.
566 2955 752 3022 Immutasse
784 2964 890 3022 autem
921 2958 1049 3023 uidetur
1081 2955 1195 3023 Suidas
1223 2959 1291 3041 ipse
1318 2957 1423 3022 comici

283 3060 391 3139 uerba,
414 3084 483 3128 cum
506 3064 659 3129 scriberet
682 3063 714 3128 in
737 3087 784 3128 vv.
808 3064 872 3128 359
897 3065 975 3129 360:

377 3169 420 3242 Τὰ
441 3179 503 3262 μὲν
527 3171 610 3243 ἄλλα
632 3171 665 3264 μ’
688 3173 802 3266 ἤρεσε
826 3187 897 3244 τῶν
919 3177 1136 3266 πραγμάτων,
1160 3177 1197 3246 ἓν
1217 3175 1247 3246 d'
1266 3172 1307 3245 οὔ
1324 3199 1424 3264 προσ-

868 3288 953 3352 ίεταί
975 3311 1026 3372 με,
1127 3282 1129 3288 ’

350 3381 433 3456 -ὅτι
457 3383 508 3468 ὡς
531 3386 635 3475 μόνος
658 3385 719 3458 τὸν
744 3385 854 3478 ζωμὸν
879 3390 1085 3481 ἔκροφήσεις,

284 3527 377 3587 quem
400 3506 504 3572 locum
527 3507 649 3573 codices
672 3507 893 3592 Aristophanis
917 3511 962 3575 sic
984 3511 1127 3575 tradunt:

376 3613 420 3685 Τὰ
441 3621 503 3705 μὲν
527 3616 611 3687 ἄλλα
632 3615 665 3706 μ’
684 3616 825 3709 ἤρεσας
847 3625 987 3711 λέγων,
1011 3623 1048 3691 ἓν
1072 3619 1102 3692 d'
1121 3619 1163 3691 od
1180 3627 1356 3711 προσίεταί
1378 3652 1425 3712 με,

371 3734 443 3793 τῶν
466 3725 681 3827 πραγμάτωα,
705 3723 779 3818 ὁτιὴ
802 3727 906 3816 μόνος
928 3728 991 3797 τὸν
1015 3725 1128 3817 ζωμὸν
1151 3730 1393 3820 ἐκροφήσειςῐ).

373 3843 411 3908 In
434 3865 460 3908 v.
484 3843 548 3908 397
573 3843 595 3909 S
618 3845 770 3928 neglectis
793 3850 931 3913 numeris
953 3870 1064 3914 uersus
1086 3848 1194 3914 cretici
1218 3850 1357 3933 scripsit:

581 3951 616 4024 ‘0
639 3959 675 4024 δὲ
697 3952 783 4046 πρὸς
805 3969 875 4027 πᾶν
899 3955 1118 4043 ἀναιδεύεται,

285 4087 365 4149 quae
387 4072 473 4131 recte
496 4068 529 4132 in
552 4066 712 4133 codicibus
736 4067 956 4154 Aristophanis
980 4071 1025 4136 sic
1047 4070 1207 4154 leguntur:

582 4177 634 4260 Ὡς
658 4183 694 4248 δὲ
716 4175 802 4269 aad&
824 4191 895 4250 πᾶν
919 4177 1128 4254 ἀναιδεύεται

357 4379 375 4447 ¹)
395 4393 462 4434 corr.
483 4377 631 4433 Elmsleius
652 4375 815 4452 ἐκροφήσει.
