2994 4890
241 389 298 448 111
670 419 714 432 -
762 385 845 465 [aas
892 419 936 431 -

236 574 446 660 probabiliter
479 572 636 657 Dionysio
674 573 859 637 tribuemus.
917 571 1064 654 Denique
1097 572 1228 636 verbum
1263 567 1390 634 πολλὰ

238 686 341 742 utrum
364 678 434 760 ipse
452 676 559 741 rhetor
576 696 617 740 an
633 675 819 760 posterioris
842 675 995 760 temporis
1017 675 1116 740 lector
1134 674 1251 758 aliquis
1273 674 1390 739 inter-

237 781 403 865 polaverit,
430 779 569 844 discerni
591 778 711 862 nequit.

322 900 360 963 B.
386 899 495 964 Altero
511 899 580 962 loco
596 898 676 963 illud
691 917 785 981 quam
802 897 940 963 maxime
956 897 1128 963 ridendum
1149 903 1210 975 est,
1235 917 1392 978 quonam

239 1001 390 1086 Dionysii
402 1002 435 1066 in
451 1021 546 1084 opere
563 1001 760 1085 Thucydidis
777 1001 876 1066 rerba
893 1000 1073 1080 laudentur,
1099 999 1197 1081 idque
1214 999 1255 1064 ad
1271 1000 1393 1066 maio-

236 1125 302 1171 rcm
326 1105 525 1190 potissimum
549 1112 581 1169 et
603 1105 758 1169 minorem
781 1103 821 1169 de
843 1103 1032 1188 Thucydide
1054 1104 1168 1168 librum
1192 1103 1353 1188 pertinet.

322 1208 443 1274 Maiore
466 1207 549 1272 eninr
577 1207 658 1272 libro
682 1207 789 1272 studia
811 1225 871 1271 sna
893 1205 1096 1290 Thucydidia
1120 1206 1311 1289 diligenter,
1352 1219 1394 1272 ut

237 1319 302 1376 tum
326 1319 395 1376 erat
418 1311 594 1376 litterarum
619 1318 738 1388 status,
765 1311 929 1375 elaborata
957 1309 1077 1394 publici
1107 1310 1186 1374 iuris
1213 1310 1310 1389 fecit,
1353 1311 1394 1374 in

236 1433 299 1495 quo
323 1413 375 1478 ubi
392 1413 611 1498 Thucydidem
634 1412 756 1490 laudat,
784 1413 881 1477 verbo
904 1413 1179 1496 tenus-exemplar
1201 1430 1235 1477 se
1251 1414 1394 1477 exseri-

236 1517 310 1581 bere
334 1515 550 1600 compluribus
580 1515 660 1581 loois
691 1514 896 1599 significath,
928 1535 1120 1598 quamquam
1150 1523 1314 1598 quotenne
1353 1517 1393 1581 id

236 1621 368 1696 valeret,
396 1620 475 1686 satis
498 1620 622 1704 experti
646 1639 766 1684 sumus.

323 1743 442 1806 Contra
475 1760 604 1824 prorsus
637 1740 701 1804 alia
736 1740 882 1824 opusculi
912 1739 954 1824 de
983 1739 1183 1823 Thucydidis
1211 1740 1394 1808 idiomatis

237 1844 380 1910 condicio
403 1851 462 1908 est.
510 1843 630 1909 Maiore
652 1863 747 1926 opere
770 1844 802 1907 in
826 1844 930 1908 lucem
961 1843 1062 1911 edito.
1096 1863 1158 1926 qno
1188 1841 1302 1908 πάντα
1346 1845 1395 1910 τὰ

237 1944 380 2028 δεόμενα
415 1944 516 2030 λόγον
549 1943 634 2028 μετὰ
668 1953 733 2010 τιῗιν
763 1945 896 2012 οἰκείων
925 1941 1133 2024 ἀποδείξεων
1166 1967 1223 2031 pro
1252 1948 1395 2018 viribus

234 2051 468 2132 illustraverat,
495 2057 664 2134 postquam
687 2049 907 2133 Thucydidem
938 2049 1002 2114 iam
1032 2049 1121 2134 prius
1150 2050 1184 2114 in
1214 2051 1307 2116 libris
1345 2053 1394 2119 de

236 2153 413 2218 oratoribus
439 2153 607 2234 antiquina
636 2161 667 2216 et
690 2152 729 2216 de
754 2151 929 2217 imitatione
939 2155 959 2232 ³)
987 2152 1152 2230 tractavit,
1185 2154 1389 2236 Annaeus,

236 2256 291 2337 qui
315 2246 413 2342 ἦττον
436 2249 647 2340 ἠκριβῶσθαι
676 2251 736 2330 τὰς
763 2251 898 2340 γροιγάς
935 2253 975 2320 de
998 2254 1186 2338 Thucydide
1208 2255 1389 2342 iudicium)

236 2359 380 2442 putabat,
407 2378 479 2424 eum
502 2359 691 2424 adhortatus
713 2367 773 2432 est,
800 2366 844 2438 at,
871 2358 1008 2441 quaein
1032 2359 1214 2424 universum
1229 2358 1392 2428 historici

234 2462 388 2527 idiomata
410 2469 630 2528 enumerasset
658 2467 694 2541 Je.
719 2465 759 2526 11
784 2462 824 2528 de
848 2462 977 2540 Thuo.l,
1004 2463 1161 2546 exemplis
1182 2463 1390 2532 illustraret.

235 2564 336 2641 Quem
360 2565 501 2630 lahorem
519 2572 551 2631 et
565 2566 680 2649 ipsum,
707 2585 747 2630 ne
763 2563 839 2647 quid
855 2565 1172 2648 praetermitteretur,
1197 2565 1392 2649 Dionysius

236 2666 387 2750 suscepit.
428 2667 493 2732 Sed
515 2667 650 2732 invitum
673 2687 746 2732 eum
770 2666 829 2732 hoo
852 2667 967 2733 fecisse
989 2668 1062 2752 ipsa
1084 2667 1153 2733 eius
1169 2668 1267 2733 verba
1280 2689 1392 2736 mon-

236 2777 338 2834 strant
365 2775 445 2853 ¹jcap.
468 2774 509 2833 11.
547 2771 684 2835 Putasne
707 2789 743 2835 se
766 2770 811 2834 ait
834 2770 913 2835 satis
936 2789 1095 2854 superque
1117 2769 1158 2836 de
1181 2771 1391 2854 Thucydide

236 2871 359 2937 duobus
389 2873 538 2956 operibus
562 2881 668 2938 aetum
696 2891 784 2942 esse:
816 2873 881 2937 iam
911 2893 986 2938 vero
1016 2880 1051 2937 ut
1079 2873 1126 2938 illi
1157 2873 1387 2958 satisfaceret,

235 2975 472 3052 scholasticum,
499 2995 561 3040 non
585 2974 868 3041 demonstrativum
891 2975 1019 3040 dicendi
1042 2975 1171 3040 modum
1194 2995 1230 3042 se
1251 2977 1391 3043 electu-
1493 3039 1494 3056 ,

234 3099 314 3142 rum.
364 3077 564 3160 Quamquam
587 3077 874 3144 demonstrativum
904 3078 1033 3143 modum
1063 3079 1170 3144 minus
1193 3079 1226 3144 in
1249 3080 1389 3148 deliciis

236 3201 271 3246 se
294 3181 412 3247 habere
435 3189 546 3266 aperte
567 3181 671 3246 innuit
694 3181 733 3247 de
756 3201 784 3246 e.
810 3202 839 3246 v.
867 3202 900 3265 p.
925 3185 997 3245 1511
1022 3175 1236 3267 ὑπέρμετρον
1258 3182 1388 3264 ἔμελλε

235 3281 454 3371 μανήσεσθαι
477 3281 514 3349 τὸ
540 3282 714 3369 σύνταγμα
738 3285 792 3348 καλ
818 3280 1022 3365 σχολικὸν
1044 3285 1175 3366 μᾶλλον
1199 3280 1218 3370 ἢ
1240 3309 1389 3371 παραγ·
1492 3289 1493 3312 ³

235 3385 397 3470 γιλτικόν.
450 3391 558 3454 1119911
582 3384 672 3453 πολὺ
694 3384 756 3471 γὰρ
782 3382 824 3452 ἂν
848 3381 864 3473 ἡ
889 3385 1046 3465 σύνταξις
1069 3383 1106 3452 τὸ
1130 3394 1237 3474 μῆκος
1260 3387 1382 3470 λάβοι,

235 3489 291 3552 καὶ
314 3488 406 3564 δέος.
434 3485 559 3576 μήποτ’
579 3489 627 3566 εἰς
651 3486 728 3566 τοὺς
752 3485 983 3570 σχολικοὺς
1007 3486 1085 3573 ἐκβῇ
1100 3496 1318 3576 χαρακτῆρας
1345 3489 1386 3558 ἔκ
1491 3535 1492 3542 1

235 3599 300 3656 τῶν
324 3586 647 3678 ὑπομνηματισμῶν.

319 3711 424 3792 Idem,
451 3713 484 3778 ni
514 3713 618 3791 fallor,
644 3713 792 3798 {taedium
824 3712 922 3779 verba
951 3713 1019 3779 eius
1041 3713 1185 3779 indicant
1207 3733 1235 3780 c.
1263 3715 1382 3780 hin:

237 3810 310 3880 Ἵνα
323 3815 357 3880 δὲ
376 3809 721 3902 εὐπαρακολούθητος
737 3809 754 3880 ὁ
772 3814 871 3900 λόγος
887 3837 941 3880 σοι
960 3821 1105 3902 γένηται,
1126 3817 1274 3900 προθεὶς
1291 3815 1386 3883 κατὰ

234 3920 325 3998 λέξιν
347 3913 410 3983 ὅσα
434 3919 513 4004 περὶ
536 3925 596 3984 τοῦ
619 3923 840 4004 συγγραφέως
864 3917 1017 4002 τυγχάνω
1041 3915 1249 4005 προειρηκὼς
1278 3925 1314 4002 [c.
1337 3925 1383 3986 24
1489 4001 1490 4004 χ

306 4125 323 4186 ¹)
343 4121 386 4178 Cf.
412 4121 481 4176 κατὰ
501 4124 576 4184 λέξιν
594 4122 701 4186 σῦτωξς,
723 4121 846 4195 γράφων
870 4125 963 4180 82311.
986 4125 1062 4188 83211,
1086 4125 1183 4186 altro,
1204 4125 1305 4188 91911;
1339 4125 1383 4180 cf.

236 4210 330 4272 93611,
347 4211 422 4263 8391.
455 4207 525 4262 κατὰ
545 4211 620 4271 λέξιν
638 4209 745 4274 οὕτως]
762 4208 868 4281 γράφει
887 4213 963 4274 8111,
979 4213 1078 4274 sirim
1100 4209 1136 4265 111.
1152 4212 1236 4263 831111
1254 4213 1266 4276 11
1290 4211 1309 4274 2')
1331 4211 1384 4267 Cf.

238 4296 303 4346 lese
328 4297 339 4357 ΙΙ
368 4295 386 4356 3,·
409 4293 451 4350 Cf.
472 4298 548 4347 8101.
