2982 4884
521 388 564 398 -
611 353 694 434 μου
743 387 786 398 -
942 387 944 390 -
1160 354 1222 416 τω

80 563 145 623 γου
168 541 239 604 καὶ
266 539 350 622 totid.
369 541 411 625 M]
439 552 510 617 τοῖς
540 538 671 605 πάθεσι
702 542 1067 622 καταλαμβανομένων.
1117 543 1221 608 Verba

80 639 126 708 δι’
149 641 343 730 αἰσθήσεως
358 637 484 728 ἀλόγου
505 657 577 721 τοῖς
600 641 742 718 πάθεσι,
769 665 851 728 quae
866 645 961 726 volgo
984 645 1131 724 eduntur,
1159 667 1221 712 non

81 748 165 813 bene
189 767 224 813 se
247 747 366 813 habere
382 747 501 813 dudum
524 748 720 840 intellectum
737 757 795 814 est.
836 747 1040 813 Ambrosiani
1056 768 1116 832 ope
1133 768 1217 814 veru.

80 850 107 916 si
124 850 206 935 quid
221 850 327 927 video,
345 851 439 917 leutio
455 851 637 936 recuperari
653 859 769 935 potest.
800 850 964 916 Articulus
980 851 1055 934 quia
1069 852 1103 916 in
1118 853 1221 936 priore

79 955 225 1020 membro
253 954 360 1020 nullus
389 961 512 1037 exstat,
546 974 587 1020 ne
610 966 680 1030 τοῖς
704 953 832 1038 quidem
859 962 933 1019 ante
956 950 1088 1019 πάθεσι
1116 956 1219 1021 luounr

79 1057 192 1123 habet.
240 1059 283 1123 At
305 1057 496 1124 adiectivum
519 1056 719 1124 desideratur
740 1058 837 1123 verbo
861 1050 985 1142 ἀλόγου
1009 1056 1218 1143 respondem,

80 1163 174 1227 euius
197 1161 311 1226 ultima
332 1162 461 1245 syllaba
483 1161 525 1226 sit
546 1185 618 1238 τοις
640 1162 693 1226 vel
715 1184 797 1244 γοις.
820 1160 1031 1246 'Dionysius
1059 1161 1091 1226 ni
1114 1161 1219 1243 fallor,

81 1265 213 1349 scripsit
234 1271 300 1329 τῶν
322 1287 358 1349 γε
382 1258 430 1329 δι’
450 1261 644 1351 αἰσθήσεως
668 1257 793 1349 ἀλόγου
815 1265 872 1328 καλ
896 1257 1069 1348 ἀλόγοις
1092 1261 1221 1329 πάθεσι

81 1369 458 1449 καταλαμβανομίνωνς
498 1367 539 1432 of.
564 1388 596 1451 p.
617 1371 693 1430 4751
724 1373 822 1431 τοῦτο
853 1359 944 1450 κάγὼ
966 1379 1036 1443 τοῖς
1060 1361 1223 1451 ἀναγινώ-

81 1491 204 1536 σκουσι
227 1467 287 1537 τὸν
300 1474 440 1536 Λυσίαν
462 1471 520 1534 καὶ
542 1473 592 1546 τίς
614 1463 633 1556 ή
658 1464 742 1555 παρ’
762 1463 853 1554 αὐτῷ
882 1465 979 1553 χόρις
1004 1467 1072 1534 ἐστὶ
1102 1472 1224 1551 [tosio-

80 1581 201 1656 μένοις
222 1579 360 1657 μαθεῖν,
387 1566 584 1659 ὑποθείμην
607 1568 649 1638 ἀν
665 1571 875 1660 ἐπιτηδεύειν
895 1570 1006 1659 χρόνῳ
1030 1574 1146 1658 πολλῷ
1167 1575 1222 1638 καὶ

80 1685 199 1763 μακρᾷ
221 1681 316 1762 τριβή
341 1679 397 1741 καί.
421 1672 532 1762 ἀλόγῳ
557 1673 668 1742 πόθει
686 1673 746 1763 τήν
763 1672 887 1761 ἀλογον
902 1689 1083 1742 συνασκεῖν
1098 1676 1224 1764 αἴσθη-

81 1805 149 1847 σιν.
210 1784 284 1847 184ο
307 1779 344 1845 τό
370 1776 495 1865 ἀλογον
518 1779 739 1865 ἐπιμαρτυρεῖ
762 1786 819 1868 της
844 1773 945 1867 ἀκοῆς
969 1778 1097 1858 πόθος.

170 1908 205 1973 p.
224 1888 344 1950 82druss
375 1879 613 1969 Προελόμενος
636 1879 766 1959 πολλὰς
792 1884 848 1948 καὶ
873 1880 1061 1970 διαφόρους
1084 1883 1225 1970 πράξεις

81 1990 116 2056 ἔκ
143 2013 180 2054 τε
205 1995 263 2075 τῆς
282 1982 444 2075 Εὐρώπης
468 1986 503 2052 ἔκ
526 2011 561 2052 τε
585 1994 643 2074 τής
661 1983 776 2064 Ἀσίας
800 1985 847 2063 είς
869 1991 981 2070 μιᾶςῐζ.
1010 1987 1225 2076 περιγραφήν

82 2097 321 2178 πραγματείας
338 2085 486 2176 ἀγαγεῖν.
533 2090 582 2156 Ex
605 2090 753 2175 Dionysii
776 2111 836 2156 usu
860 2091 1016 2157 rescribas
1039 2114 1224 2176 συναγα-

82 2209 194 2280 γεῖν,
221 2197 261 2261 ol.
287 2216 321 2280 p.
341 2198 415 2260 821⁷
441 2193 488 2271 εἰς
511 2198 594 2277 μίαν
613 2191 766 2280 ἱστορίαν
782 2206 995 2280 συναγαγεῖν.
1043 2197 1095 2259 321
1122 2218 1225 2261 συνα-

82 2300 173 2382 χθὲν
204 2297 253 2374 είς
282 2295 323 2384 ἢν
352 2295 415 2383 ἐγὼ
445 2295 642 2383 προῄρημαι
670 2301 916 2382 πραγματείαν.
966 2299 1057 2363 8111ε
1080 2296 1226 2383 προελό-

82 2427 195 2486 μενον,
221 2400 269 2478 είς
303 2398 480 2483 ἐλάχιστον
511 2396 612 2485 όγκσν
646 2413 848 2486 συναγαγεῖν
881 2399 942 2488 τήν
974 2409 1223 2487 πραγματείαν.

83 2508 232 2573 Aliorum
248 2505 416 2570 verborum
439 2524 509 2570 oum
533 2503 769 2588 praepositione
789 2500 852 2570 σόν
874 2504 1122 2589 compositorum
1137 2506 1227 2571 simi-

82 2609 123 2674 lis
156 2627 252 2687 usus,
287 2606 385 2672 veluti
416 2628 449 2692 p.
469 2609 559 2672 suun
591 2605 639 2683 είς
669 2599 806 2689 ὁμιλίαν
837 2600 1036 2693 ἀνθρώποις
1067 2631 1227 2692 συνερχο-

82 2716 203 2792 μένας.
252 2713 305 2774 991
331 2716 495 2791 ποταμοῖν
517 2709 554 2774 δέ
577 2733 613 2794 γε
637 2707 796 2795 σόρρυσις
819 2709 867 2787 είς
897 2716 1023 2796 χωρίον
1052 2711 1098 2776 ἕν.
1148 2714 1221 2776 793ι

84 2845 127 2870 =
145 2816 223 2879 soon
247 2809 358 2876 πολλὰ
381 2815 581 2877 συντιθέναι
602 2809 756 2900 νοήματα
779 2811 828 2889 είς
850 2811 897 2878 ἓν.

173 2937 207 3001 p.
227 2918 332 2980 sous-s
355 2916 445 3000 legas
468 2922 604 3000 πρῶτον
626 2915 688 2998 μὲν
711 2913 750 3003 δή
770 2911 856 2980 κατὰ
872 2923 971 2983 τοῦτο
989 2915 1143 3004 διήλλαξε
1160 2923 1226 2982 τιῖιν

84 3019 155 3104 πρὸ
180 3013 286 3086 αὐτοῦ
315 3023 548 3106 συγγραφέων,
583 3019 669 3104 λέγει
697 3019 732 3084 δὲ
763 3016 849 3085 κατὰ
877 3017 914 3084 τὸ
946 3021 1064 3103 λαβεῖν
1092 3015 1226 3088 ὑπόθε-

85 3148 143 3191 σιν
178 3121 262 3210 μήτε
291 3118 488 3204 μονόκωλον
516 3120 720 3188 παντάπασι
746 3118 839 3210 μήτ’
862 3118 954 3210 [μηδ’
971 3125 1008 3209 R]
1037 3123 1084 3201 εἰς
1115 3123 1226 3189 πολλὰ

84 3229 336 3313 μεμερισμένην
357 3226 414 3290 καί
438 3219 652 3314 ἀσυνάρτητα
675 3223 856 3312 κεφάλαια.

174 3351 207 3415 p.
226 3331 347 3394 8231rss
368 3328 568 3415 ,Θουκυδίδῃ
599 3329 635 3394 δὲ
763 3324 824 3412 οὐχ
853 3325 1017 3417 ἥρμοττεν
1046 3328 1226 3415 ἐγκατα-

85 3440 233 3518 μίγειν
254 3439 293 3517 τῇ
317 3429 467 3519 διηγήσει
489 3430 550 3508 τὰς
572 3430 758 3518 θεατρικὰς
781 3438 935 3520 γοητείας
957 3433 1011 3498 Μ;
1046 3431 1226 3520 ἐγκαταμι-

85 3535 203 3622 γνύειν
224 3536 263 3601 R.
309 3535 513 3603 Ambrosiani
543 3536 638 3601 leutio
661 3536 755 3602 dooet
785 3534 1122 3622 ἐγκαταμίσγειν
1149 3539 1227 3604 sori-

85 3639 229 3707 bendum
259 3658 341 3705 esse.
389 3639 480 3705 Idem
508 3639 642 3705 verbum
671 3639 862 3725 Sylburgius
891 3644 1055 3725 p.10231r
1086 3662 1127 3708 ex
1157 3663 1228 3708 σοι·-

86 3752 185 3829 rnptu
222 3743 417 3827 exemplaris
455 3743 592 3809 lectione
631 3740 939 3827 ίγκαταμιγόμενον
975 3744 1134 3810 communi
1170 3746 1224 3810 illu

86 3847 220 3932 quidem
250 3866 321 3913 oum
349 3845 562 3913 Ambrosiuno
591 3845 650 3911 etsi
682 3845 867 3913 dubitanter
896 3847 1015 3914 elicuit.
1066 3847 1160 3925 Quod
1189 3868 1227 3913 εο

86 3953 160 4017 loeo
189 3950 223 4014 in
254 3949 447 4015 editionibus
475 3948 591 4033 legitur
622 3946 960 4034 ἐγκαταμιγνόμενον,
993 3949 1145 4016 Reiskius
1173 3971 1227 4017 eo-

87 4053 163 4119 dem
185 4059 313 4118 anotore
336 4051 442 4117 minus
465 4058 551 4118 reete
573 4049 671 4118 dedit.
720 4052 859 4118 Verbum
881 4057 1014 4136 μίσγειν
1036 4073 1055 4117 a
1078 4053 1225 4137 Dionysii

162 4279 177 4340 ¹}
198 4279 267 4345 μιᾶς
284 4275 406 4345 Knlog.:
430 4275 502 4346 μίαν
520 4275 590 4330 MR.
