3010 4896
229 303 272 368 sa
658 337 702 346 -
748 298 844 381 [rea]
891 335 934 345 -

229 495 311 560 fecto
344 495 471 558 minime
502 493 715 576 neglegendus
739 499 787 557 est
813 490 928 558 Soidas
959 489 992 554 in
1025 491 1223 555 recensendis
1250 491 1375 554 Aristo-

229 601 342 685 phanis
382 599 513 666 fabulis:
553 621 626 664 nam
663 605 695 663 ot
736 597 941 662 uetustissimi
982 601 1015 660 et
1055 596 1223 678 singularis
1258 596 1376 660 codicis

231 706 456 790 Aristophauei
478 705 631 788 reliquiae
653 705 731 769 satis
754 704 878 787 amplae
906 703 956 766 his
982 701 1197 785 lexicographi
1219 702 1376 784 excerptis

230 819 376 878 seruatae
404 817 487 876 suut
532 811 576 874 Et
598 809 747 892 quoniam
775 814 929 892 quantum
951 829 971 871 a
994 807 1178 872 Rauennate
1201 807 1376 891 scripturae
1486 853 1487 858 η

230 917 347 984 Susidae
369 918 550 999 discrepent
572 915 849 991 considerauimus‚
871 914 932 978 hoo
954 914 1144 978 monendum
1166 919 1224 990 est,
1247 935 1286 978 ue
1303 935 1376 978 curn

229 1023 389 1089 nonnullis
416 1023 494 1087 uiris
520 1022 622 1088 doctis
644 1020 824 1085 Rauennati
851 1019 933 1084 libro
956 1018 1143 1102 corruptelis
1166 1018 1284 1102 apertis
1307 1040 1376 1084 sae-

230 1150 401 1213 penumero
424 1127 540 1194 infecto
563 1127 692 1192 nimiam
715 1126 938 1192 auctoritatem
961 1126 1145 1191 tribuamus.

618 1319 755 1385 CAPVT
778 1317 991 1384 ALTERVM.

757 1465 777 1542 ἓ
804 1462 852 1526 10.

320 1567 412 1666 Nunc
437 1609 564 1667 transeo
591 1601 631 1666 ad
660 1601 843 1666 tractandas
866 1599 1205 1683 Thesmophoriazusas
1232 1605 1264 1664 et
1287 1599 1377 1684 Lysi·
1488 1675 1489 1684 ἵ

178 1753 183 1768 .
232 1714 365 1774 stratam
393 1706 524 1772 fabulas.
580 1708 702 1785 Quibus
729 1709 763 1771 in
789 1707 987 1772 recensendis
1014 1713 1143 1789 praetor
1168 1705 1233 1770 BC
1252 1706 1377 1772 codices

231 1814 407 1896 (Parisinos
418 1813 504 1877 2715
516 1813 627 1897 2717),
637 1813 825 1878 Vossianum
831 1813 1015 1877 Leidensem
1025 1811 1083 1897 (L)
1094 1811 1342 1877 laurentianum
1353 1815 1378 1876 Δ

232 1919 299 2004 (31,
321 1919 386 2002 16),
407 1916 521 2001 quibus
539 1917 881 2002 Thesmophoriazusae
900 1939 970 1981 non
990 1917 1207 1994 adseruantur,
1230 1917 1324 2000 uulgo
1343 1917 1376 1980 in

231 2045 323 2089 usum
337 2023 533 2088 uocabantur
552 2023 673 2088 codices
687 2023 884 2108 R(auennas)
904 2029 936 2088 et
951 2023 1154 2106 Augustanus
1172 2023 1215 2106 (G
1225 2023 1378 2106 Valseni),
1489 2018 1490 2106 ζ

232 2130 369 2212 denique
388 2129 516 2193 Iuntina
538 2130 636 2193 editio
654 2130 808 2213 princeps.
845 2129 936 2194 Nunc
954 2128 1081 2194 Volsoni
1100 2129 1377 2194 commentatione:

232 2234 357 2312 „Ueber
384 2235 445 2299 den
473 2236 572 2299 codex
598 2233 737 2300 Urbinas
764 2236 821 2300 dor
848 2235 1025 2318 Lysistrata
1050 2235 1116 2299 und
1145 2233 1202 2300 der
1227 2235 1377 2300 Thesmo-

231 2341 439 2425 phoriazusen
458 2341 514 2405 des
530 2341 776 2422 Aristophanes“
791 2342 1036 2406 luculentissime
1055 2346 1188 2425 apparet
1207 2341 1378 2406 editionem

231 2447 319 2511 illam
337 2446 510 2529 principem
530 2445 643 2512 Inntae
666 2469 705 2511 ox
723 2447 793 2530 ipso
811 2448 852 2510 R⁰
870 2445 998 2511 fluxisse
1006 2449 1042 2530 ¹).
1079 2447 1280 2530 Augustanus
1298 2467 1376 2511 uero
1490 2429 1491 2474 ³

231 2552 348 2632 obiqaae
369 2550 436 2631 fere
453 2553 505 2616 uel
526 2553 636 2616 salton
660 2553 695 2615 io
716 2553 808 2617 rebus
830 2554 1034 2635 grauissimis
1053 2573 1122 2618 com
1141 2553 1184 2616 R⁶
1204 2553 1378 2617 emamatirc

232 2677 288 2722 neo
314 2658 379 2722 aciei
406 2658 523 2722 calami
550 2659 710 2722 erroribus
733 2680 755 2721 a
777 2659 821 2722 R·
846 2659 977 2738 differre
1000 2657 1184 2722 Tlrierschio
1208 2656 1378 2722 uidebatur

233 2769 265 2828 et
284 2764 453 2850 Engero.¹)
500 2765 569 2842 Quo
592 2764 642 2840 fit,
669 2766 762 2828 utin
788 2764 1192 2847 Thesmophoriazusis
1220 2784 1292 2828 cum
1314 2783 1378 2826 uno

232 2870 274 2932 R⁰
292 2868 409 2976 Spidee
432 2870 582 2935 lectiones
605 2871 836 2952 comparandae
859 2871 931 2935 sint

756 3049 776 3126 a
803 3047 851 3110 11.

320 3184 485 3267 Leguutur
512 3189 619 3250 autem
641 3184 736 3252 huius
763 3185 890 3250 fabulae
913 3186 998 3268 apud
1022 3185 1154 3250 Suidam
1177 3207 1288 3250 uersus
1313 3187 1377 3250 203

235 3311 333 3354 —ea
356 3296 405 3354 est
427 3297 517 3354 sexta
538 3290 606 3355 fere
629 3291 726 3355 totius
749 3290 876 3356 fabulae
899 3313 973 3374 pars
994 3292 1131 3354 -locis
1157 3292 1218 3354 148
1242 3291 1333 3355 citati
1343 3293 1378 3375 ³).

321 3395 369 3460 Ao
386 3395 522 3477 primum
536 3397 662 3480 quidem
676 3419 715 3461 ex
729 3398 774 3461 eis
789 3397 866 3461 locis
880 3396 935 3461 ubi
950 3397 1063 3462 Suidas
1078 3419 1148 3462 oum
1163 3397 1378 3482 R(auennate)

233 3501 387 3585 congruit,
410 3501 548 3584 insignes
571 3502 725 3584 quosdam
749 3501 953 3566 enumerabo:

321 3605 359 3670 V.
375 3607 439 3671 100
454 3605 568 3672 Suidas
587 3628 658 3671 oum
671 3607 712 3671 ΒΘ
727 3608 985 3693 διαμινυρὶζεται
1005 3609 1144 3674 immisso
1158 3615 1270 3673 contra
1286 3609 1378 3674 metri

306 3783 326 3848 ¹)
349 3779 499 3836 Reiellltur
520 3780 606 3851 igitur
628 3781 768 3837 sententia
791 3781 894 3851 Engeri
913 3782 1051 3838 Iuntinsm
1075 3783 1148 3838 aR⁰
1167 3789 1195 3838 et
1218 3785 1379 3852 Augustano

233 3885 292 3923 noa
310 3867 412 3923 calami
434 3874 545 3923 tactam
563 3869 703 3924 morabere
721 3869 769 3925 sed
788 3871 920 3939 praalon
938 3873 1022 3924 etiam
1039 3872 1197 3939 comptiores
1216 3871 1379 3926 diaeretica

234 3955 347 4022 differre
364 3956 512 4025 opinantis.

305 4043 431 4111 'ipraei
451 4044 566 4115 Lysistr.
586 4045 648 4111 XII,
668 4046 739 4100 Mus.
759 4047 847 4102 Rheu.
867 4048 973 4102 11245.

305 4133 326 4198 ⁸)
345 4132 480 4200 Reliquae
499 4133 656 4188 comoediae
676 4149 693 4188 a
711 4133 796 4189 Suida
814 4134 979 4189 afferuntur:
1007 4135 1101 4190 Nubes
1126 4135 1195 4189 locis
1214 4135 1279 4200 124,
1304 4137 1379 4190 Aues

234 4221 299 4284 408,
318 4222 512 4277 Acharneuses
530 4223 595 4287 385,
619 4222 715 4278 Ranae
723 4223 798 4288 ·331‚
822 4223 881 4280 Pax
900 4211 965 4288 231,
987 4223 1084 4278 Plutus
1102 4225 1168 4289 252,
1187 4225 1297 4292 Vespae
1317 4226 1378 4288 209,

235 4307 390 4378 Lysistrats
409 4311 470 4374 201,
488 4309 699 4364 Ecclesiazusae
719 4311 778 4366 195.
