3006 4892
269 333 310 400 rs
703 367 748 378 -
795 331 879 412 [nn
926 367 969 378 -

274 519 327 600 (ef.
345 518 462 603 inira§
479 523 508 602 3)
535 520 591 584 lux
606 518 797 598 affunditur,
830 538 914 602 quse
937 517 1030 584 sicuti
1052 517 1119 594 iila,
1151 537 1171 582 a
1194 516 1308 599 quibus
1330 535 1401 600 pro-

269 621 346 688 iecti
367 641 488 703 sumus,
514 621 578 688 ianr
601 621 634 687 in
656 621 830 706 archetypo
852 621 952 688 inisse
974 620 1117 706 putanda
1139 626 1224 685 sunt.

355 742 463 809 Redeo
486 763 570 807 nunc
599 741 753 807 edilium
777 741 895 820 locum,
929 761 1022 824 quem
1050 741 1157 826 paullo
1180 759 1277 825 snpra
1299 739 1402 822 signi·
1488 759 1489 762 ¹

268 844 363 911 fioevi
386 843 427 911 de
449 863 479 910 c.
504 865 536 910 v.
561 866 593 930 p.
614 846 670 909 280
698 848 756 909 καί
781 844 953 926 perdonet
979 867 1030 920 τις
1053 837 1112 910 οὐκ
1135 837 1177 908 άν
1199 836 1405 928 ἁμαρτάνειν

270 944 408 1024 εἰκάσας
430 941 536 1033 αὐτὴν
557 954 596 1030 τῇ
609 940 768 1032 Ὁμηρικῇ
778 941 919 1034 Ἀθηνᾷ.
953 944 1060 1032 tuetur]
1084 969 1119 1011 τε
1135 942 1198 1030 γάρ
1215 941 1275 1010 τὸν
1286 939 1405 1010 ’osvo-

270 1054 331 1114 otu
353 1046 413 1115 τὸν
436 1044 540 1115 αὐτὸν
562 1045 644 1114 ὄντα
668 1043 786 1114 ἄλλοτε
810 1044 948 1115 ἀλλοῖον
971 1047 1081 1114 ἐποίει
1103 1052 1304 1134 φαίνεσθαι,
1331 1047 1405 1112 τοτὲ

269 1153 333 1234 μὲν
355 1149 460 1238 ῥυσὸν
481 1154 538 1217 καὶ
560 1149 681 1238 μικρὸν
703 1153 760 1216 καὶ
783 1149 997 1238 αἰσχρὸν...
1016 1152 1091 1216 τοτὲ
1114 1151 1150 1216 δὲ
1170 1200 1176 1214 .
1195 1200 1227 1214 ..

355 1270 495 1355 μείζονά
517 1266 544 1336 τ’
562 1271 726 1351 εἰσιδέειν,
752 1273 809 1338 καὶ
832 1271 1000 1353 πάσσονα,
1026 1269 1090 1336 κὰδ
1112 1272 1148 1336 δὲ
1172 1269 1317 1357 κάρητος

356 1370 458 1452 οὔλας
479 1365 537 1462 ἧκε
559 1374 667 1458 κόμας
686 1425 692 1439 .
710 1424 741 1440 ..

270 1491 352 1582 αὕτη
376 1520 412 1561 τε
433 1489 461 1583 (ἡ
480 1494 648 1579 σύνθεσις)
670 1493 712 1560 τὰ
727 1490 814 1562 αὐτὰ
829 1494 1049 1579 λαμβάνουσα
1065 1489 1218 1578 ὀνόματα
1245 1495 1323 1559 τοτὲ
1345 1493 1409 1576 μὲν

270 1593 411 1684 άμσρφυ
433 1599 491 1662 καὶ
513 1596 634 1681 πτωχὰ
656 1599 713 1664 καὶ
734 1595 880 1664 ταπεινά
900 1609 993 1664 ποιεῖ
1008 1603 1198 1684 φαίνεσθαι
1220 1593 1262 1661 τά
1278 1594 1410 1683 νοήμα-

271 1725 326 1782 τα,
360 1701 436 1767 τοτὲ
459 1701 495 1767 δὲ
516 1696 634 1788 ὑψηλὰ
656 1703 713 1766 καὶ
735 1699 883 1767 πλούσια
913 1703 971 1766 καὶ
997 1695 1083 1787 dopo
1112 1702 1169 1766 καλ
1190 1698 1288 1764 καλά.
1335 1702 1407 1766 Iani
1491 1722 1492 1730 ¹

270 1825 368 1890 supra
382 1805 489 1872 monui
505 1825 616 1872 vocem
636 1798 739 1890 ἁδρός
760 1802 820 1873 hoc
843 1826 905 1871 uno
925 1806 995 1872 loco
1011 1804 1096 1890 opud
1111 1805 1303 1890 Dionysium
1325 1803 1407 1887 legi.

271 1907 444 1974 Videamus
460 1915 576 1974 cetera.
617 1909 829 1975 Membrorum
852 1909 1090 1994 responsionem
1115 1907 1307 1992 aDionysio
1329 1907 1410 1973 dili-

270 2017 383 2094 genter
404 2011 567 2078 observori
585 2017 708 2078 eertum
723 2018 772 2077 est
793 2011 842 2094 [ci.
862 2031 944 2094 quae
967 2011 1052 2076 inire
1074 2011 1153 2095 Cap.
1172 2012 1218 2077 IV
1239 2009 1346 2074 dicem
1365 2009 1410 2075 ad

269 2134 302 2197 p.
321 2117 396 2177 4461
420 2120 453 2180 et
474 2113 517 2180 ad
539 2137 572 2200 p.
591 2116 713 2198 446ιι);
740 2114 804 2180 duo
826 2115 897 2181 cola
920 2135 960 2180 ex
979 2113 1078 2180 ternis
1095 2113 1260 2179 commatis
1276 2133 1412 2197 compo-

269 2224 387 2283 nuntur
416 2217 491 2282 τοτὲ
513 2217 576 2300 μὲν
598 2213 703 2304 ῥυσὸν
730 2219 787 2282 καὶ
815 2215 937 2304 μικρὸν
965 2218 1020 2281 καὶ
1045 2214 1201 2301 αἰσχρὸν,
1239 2215 1315 2282 τοτὲ
1342 2217 1411 2297 μὲν

270 2313 410 2406 άμορφα
434 2320 491 2384 καὶ
513 2315 633 2403 πτωχὰ
659 2321 716 2385 καλ
739 2318 902 2398 ταπεινάς
938 2321 1065 2385 tertium
1089 2340 1130 2386 ex
1153 2327 1302 2404 quattuor
1327 2339 1410 2384 oon-
1493 2400 1494 2408 ρ

268 2431 358 2490 stans
381 2423 595 2508 suspicionem
618 2431 733 2491 movet.
774 2423 1002 2504 Quaerendum
1023 2424 1122 2506 igitur
1143 2430 1208 2504 est,
1242 2421 1408 2507 quodnam

269 2527 444 2592 membrum
473 2528 616 2612 spurium
639 2527 795 2594 videntur.
842 2527 1006 2594 Structure
1034 2527 1232 2610 singnlorum
1263 2547 1410 2594 comma-

268 2635 335 2693 tum
357 2630 466 2714 paullo
488 2629 688 2696 artificiosior
710 2638 778 2697 est:

325 2725 464 2818 άμοριμα
495 2731 615 2815 πτιοχά
645 2731 790 2800 ταπεινά
819 2727 935 2821 ὑψηλά
964 2731 1112 2799 πλούσια
1143 2725 1229 2816 άδρά
1261 2731 1347 2796 καλά

751 2823 817 2857 i...
819 2823 888 2890 -Jn
920 2821 985 2890 -λ

269 2971 358 3038 Ultro
374 2910 544 3039 damnatur
558 2995 621 3040 vox
637 2920 745 3060 sord.
771 2919 926 3042 Conferre
942 2918 1090 3056 denique,
1116 2973 1157 3040 de
1172 2992 1236 3054 quo
1251 2971 1347 3038 loco
1339 2993 1408 3038 rem

267 3074 345 3155 dixi,
371 3097 405 3160 p.
426 3081 536 3142 10601³
560 3076 651 3142 (λοκει
669 3074 707 3164 δη
723 3101 783 3160 μοι
804 3084 871 3144 τιῖνν
891 3077 956 3160 μὲν
975 3070 1089 3194 oppii]
1113 3077 1325 3160 καλιιεριττῆ
1348 3077 1407 3140 καὶ

269 3175 493 3264 ἐξηλλαγμένῃ
522 3179 611 3257 λέξει
642 3185 855 3266 κεχρημένων
882 3178 1017 3244 κνλ.;’
1009 3200 1043 3245 ιιι
1065 3199 1129 3262 urg.
1162 3175 1198 3243 ἓν
1225 3184 1272 3240 τῶ
1299 3170 1405 3260 άόριῖι.

268 3279 357 3345 Nihil
378 3279 455 3348 inde
477 3282 595 3348 certius
616 3302 713 3364 quam
735 3281 806 3362 hoc,
833 3301 945 3350 vocem
969 3275 1055 3364 ἁδρά
1077 3281 1118 3346 ab
1140 3299 1179 3346 eo
1202 3299 1295 3364 quem
1320 3280 1407 3346 nosti

267 3382 393 3448 rhetore
407 3383 570 3450 Plutarchi
585 3384 749 3452 doctrinae
763 3405 863 3469 gnaro
878 3384 921 3450 ed
938 3377 1055 3472 ὑψηλά
1077 3383 1270 3470 adscriptam
1288 3381 1403 3460 inisse,

269 3505 327 3552 nec
357 3485 488 3569 mirum,
525 3508 597 3555 cum
631 3489 763 3556 verbum
799 3482 933 3574 ὑψηλός
961 3488 1006 3555 ihi
1039 3487 1177 3572 primum
1211 3499 1403 3552 occurreret.

267 3587 403 3668 Deinde,
430 3595 465 3654 ut
487 3589 553 3656 sere
569 3590 614 3672 rit,
640 3593 799 3676 particula
821 3597 878 3656 καί
899 3590 1055 3658 arcessita
1076 3590 1111 3656 in
1125 3595 1246 3656 textum
1261 3589 1403 3673 irrepsit.

354 3691 419 3758 Sed
438 3692 502 3758 iam
518 3693 715 3760 redeundum
731 3702 782 3762 est
802 3695 844 3760 ad
866 3714 915 3775 ee,
942 3713 1026 3777 quse
1048 3713 1146 3778 supra
1161 3691 1276 3758 stetui:
1303 3691 1406 3758 fuisse

267 3793 427 3878 quondam
461 3795 618 3880 codicem,
654 3817 718 3881 quo
752 3798 897 3884 exceptis
929 3803 999 3863 arte
1028 3804 1061 3862 et
1090 3801 1233 3862 veterum
1267 3813 1405 3860 censura

268 3898 388 4015 scripte
409 3897 557 3986 Dionysii
585 3900 744 3968 rhetorica
770 3919 854 3984 qnae
882 3899 1012 3983 quidem
1044 3897 1203 3980 hodieque
1232 3907 1406 4038 supersunt

266 4000 375 4067 omnis
397 4001 749 4088 comprehenderentur.

353 4122 503 4188 Veterum
518 4143 666 4204 censure,
693 4123 725 4188 h.
744 4144 773 4189 e.
792 4131 975 4209 excerptum
998 4142 1039 4188 ex
1058 4121 1138 4186 libro
1159 4119 1201 4186 de
1223 4119 1404 4186 imitatione

267 4225 418 4306 secundo,
443 4225 528 4308 quod
550 4225 583 4291 in
606 4227 666 4294 huc
682 4245 798 4312 corpus
821 4233 950 4310 recepte
972 4232 1102 4292 nonest
1123 4243 1187 4289 non
1202 4222 1400 4302 mirabimur,
