2982 4884
528 388 572 398 -
620 353 703 434 [nae]
750 385 794 396 -
1156 349 1230 410 αττ

91 538 316 607 κατεσκεύασε
339 540 410 604 κτλ.
441 540 592 606 continuo
615 540 720 625 excipi
743 540 861 606 debere
884 557 988 622 neque
1017 537 1106 606 aliud
1133 537 1233 604 iuter-

92 646 170 730 poni
204 644 403 710 enuntiatum
438 644 506 729 pati
535 651 568 710 ct
596 645 765 710 verborum
792 649 952 710 structura
984 641 1170 727 comprobat
1200 647 1233 706 et

92 749 178 816 ratio
198 748 301 814 docet.
348 747 392 814 Ut
413 747 614 828 brevis-sim,
646 748 747 842 verba
769 743 949 831 κράτιστον
971 745 1007 812 δὲ
1030 742 1171 811 πάντων
1193 739 1231 808 τὸ

92 851 200 938 μηδὲν
222 848 384 927 ἑκουσίους
408 848 600 934 ψεύδεσθαι
629 850 713 937 μηδὲ
736 855 884 933 μιαίνειν
910 847 971 936 τὴν
994 841 1099 916 αὑτοῦ
1122 853 1232 914 σαντί-

91 956 192 1042 ὀησιν
213 955 341 1022 lectoris
363 963 447 1035 sunt,
479 955 514 1020 ni
536 954 640 1034 fallor,
671 953 848 1030 christiani,
876 953 969 1020 cuius
989 953 1142 1020 intererat
1164 953 1229 1020 veri

91 1059 235 1126 studium
265 1059 404 1126 omnium
432 1058 634 1144 Thucydidis
663 1059 816 1126 virtutum
842 1058 1151 1143 praestantissimam
1181 1057 1232 1124 di-

92 1171 178 1232 serte
201 1162 400 1248 praedicare.
447 1163 547 1243 Idem,
574 1183 616 1229 ne
638 1162 710 1246 quis
732 1162 774 1228 de
789 1161 966 1228 abiciendis
986 1161 1117 1247 ineptiis
1137 1161 1232 1229 dnbi-

91 1275 147 1350 tet,
174 1267 264 1346 alibi,
296 1275 449 1350 quacum
471 1267 536 1333 vim
558 1267 629 1352 ipsc
649 1265 777 1333 veritati
800 1265 962 1347 tribueret,
995 1266 1102 1351 planis
1125 1267 1231 1333 verbis

91 1370 288 1438 declaravit:
321 1390 355 1455 p.
375 1372 481 1436 Sldrss
503 1370 584 1436 haec
614 1376 688 1436 sunt
710 1368 856 1454 Dionysii
883 1369 999 1435 verbu:
1033 1362 1143 1446 οὐδείς
1170 1361 1232 1436 αὐ-

92 1481 139 1560 τῷ
159 1477 216 1558 (su.
233 1471 402 1555 mucoso
423 1465 500 1538 κατ’
520 1465 602 1538 αὐτό
625 1495 662 1556 χε
685 1478 784 1538 τοῦτο
807 1469 946 1557 ἐπιτιμᾷ
962 1469 1228 1556 ἐνθυμούμενος,

93 1571 148 1642 ὅτι
176 1583 235 1663 τῆς
263 1572 457 1664 φιλοσόφον
479 1579 630 1660 θεωρίας
657 1573 787 1652 σκοπός
815 1573 907 1642 ἐστιν
935 1569 954 1662 ἡ
978 1582 1036 1663 τῆς
1067 1571 1231 1662 ἀληθείας

95 1688 228 1765 γνῶσις.
275 1679 374 1746 Addit
402 1680 459 1746 ille
482 1673 544 1766 ἀφ’
565 1669 602 1766 ἧς
630 1681 687 1744 καί
714 1675 752 1743 τὸ
782 1685 843 1744 τοῦ
869 1683 948 1760 βίον
977 1679 1073 1756 τέλος
1103 1685 1233 1764 γίνεται

93 1781 256 1870 φανερόν.
303 1783 407 1849 Nimis
435 1784 580 1868 ineptum
604 1783 790 1866 Kruegerus
816 1781 1006 1868 Dionysium
1037 1783 1097 1848 sibi
1125 1783 1228 1868 lingit,

92 1909 165 1954 cnm
182 1887 316 1952 adnotat
337 1891 377 1971 (p.
397 1891 470 1970 dil:
506 1879 588 1973 ,μίμν’
608 1877 703 1973 ἧς-
719 1882 895 1972 φανερόνί.
935 1885 1025 1952 Haec
1040 1885 1231 1952 alienoloco

92 1991 188 2057 illata
208 1989 365 2068 videntur,
400 1997 436 2054 ut
463 1990 565 2056 obelis
588 1988 730 2056 notando
759 1995 922 2074 putarem,
954 1988 1017 2054 nisi
1039 1988 1229 2075 Dionysium

93 2113 145 2159 me
167 2099 306 2159 mactare
329 2091 546 2159 recordareu.

179 2217 212 2280 p.
231 2198 352 2262 δίδοτε
375 2194 505 2283 Καινὴν
527 2195 564 2262 ‹ie'
579 2220 653 2263 τινα
677 2197 735 2262 καλ
751 2188 869 2282 ἀτριβῆ
886 2208 955 2271 τοῖς
972 2189 1087 2273 ἄλλοις
1105 2219 1231 2282 πορευ-

93 2305 201 2387 θῆναι
227 2301 411 2386 βουληθείς
441 2293 524 2365 ὁδὸν
550 2305 702 2386 θερείαις
729 2300 787 2365 καὶ
815 2304 997 2384 χειμερίοις
1024 2300 1087 2366 lac.
1110 2302 1130 2364 3
1152 2300 1229 2382 litto

95 2408 221 2470 13-15
244 2404 305 2470 litt.
340 2403 472 2489 ἐμέρισε
502 2400 562 2490 τὴν
591 2402 743 2489 ἱστορίαν
764 2405 808 2469 Μ.
854 2404 1059 2472 Ambrosiuni
1081 2404 1230 2470 lacunam

91 2509 137 2574 ita
160 2508 229 2574 sere
252 2507 444 2592 explendam
468 2526 540 2574 essu
569 2512 750 2592 χειμερίοις
772 2502 925 2595 (ὥραις
953 2503 1230 2595 ἀκολουθῶν)

91 2611 269 2698 probabilis
292 2618 342 2678 est
364 2613 402 2678 R.
422 2610 573 2678 Schoellii
595 2610 777 2678 coniectura
804 2631 862 2696 per
883 2612 1032 2695 colloquii
1061 2611 1230 2677 familiaris

91 2715 294 2783 scansionem
317 2735 442 2782 mecum
460 2714 700 2796 communicata,
727 2715 768 2780 cl.
793 2735 826 2799 p.
845 2717 949 2780 Sitoss
973 2709 1049 2780 οὔτε
1072 2710 1136 2799 γὰρ
1159 2725 1230 2789 τοῖς

94 2818 214 2897 τόποις
240 2870 246 2885 .
268 2869 303 2884 ..
330 2813 531 2884 ἀκολουθῶν
546 2816 677 2904 ἐμέρισε
700 2813 762 2893 τὰς
777 2814 944 2904 διηγήσεις
970 2867 976 2882 .
998 2867 1032 2882 ..
1060 2811 1136 2883 οὔτε
1159 2828 1230 2892 τοῖς

91 2921 228 3008 χρόνοις
251 2923 321 2988 κτλ.
368 2922 419 2988 Ad
441 2922 629 2989 femininum
651 2925 820 3006 χειμέριος
842 2921 990 2987 conferas
1013 2922 1052 2986 A.
1071 2922 1108 2984 R.
1128 2921 1172 2985 VI
1187 2923 1228 2984 62

91 3049 125 3112 p.
144 3029 219 3090 2861
252 3019 324 3111 ὥρᾳ
351 3023 446 3102 ἐ’τους
475 3029 645 3109 χειμερίῳ.
692 3026 764 3090 132
787 3045 819 3108 p.
839 3027 894 3090 39⁵
917 3021 1002 3106 μετὰ
1030 3020 1092 3099 τὰς
1117 3045 1230 3104 χειμο·

92 3134 187 3212 ριόας
210 3124 351 3213 τροπάς.

179 3253 213 3316 p.
232 3233 352 3298 strross
373 3225 450 3318 ’Έτη
475 3228 537 3318 γὰρ
562 3227 650 3296 ἑπτὰ
672 3231 729 3295 καλ
751 3229 858 3296 είκοσι
880 3227 1142 3316 περιειληφότος
1169 3235 1230 3294 τοῦ

93 3334 247 3417 πολέμου
269 3331 383 3401 πάντα
406 3333 467 3400 τὸν
488 3332 612 3420 χρόνον
634 3340 755 3400 τοῦτον
776 3332 840 3410 ἕως
861 3340 920 3421 τῆς
938 3329 1153 3410 καταλύσεως
1169 3326 1231 3400 οὐ·

95 3445 157 3504 τοῦ
187 3435 313 3519 βιώσας
334 3442 434 3523 μέχρι
463 3444 524 3503 τοῦ
553 3438 710 3524 δευτέρον
739 3438 796 3502 καλ
825 3437 978 3504 εἰκοστοῦ
1006 3441 1231 3520 κατεβίβασεν

92 3541 190 3619 ἐ’τοας
213 3537 272 3626 τὴν
292 3539 447 3626 ἱστορίαν
472 3592 478 3605 .
500 3592 507 3605 .
529 3592 535 3606 .
561 3542 618 3606 καὶ
640 3548 746 3607 ταῦτα
769 3538 976 3628 προειρηκὼς
996 3539 1033 3608 ἐν
1047 3548 1094 3627 τῷ
1110 3565 1231 3628 προοι-

91 3650 159 3731 μίῳ
183 3642 297 3710 πάντα
319 3642 578 3732 περιλήψεσθαι
599 3643 641 3709 τὰ
656 3650 859 3730 πραχθέντα
875 3641 961 3711 κατὰ
975 3643 1073 3712 τόνόε
1089 3643 1150 3712 τὸν
1164 3642 1231 3710 πό-

92 3751 211 3832 λεμον·
237 3748 293 3812 καί
310 3746 347 3814 ἔν
362 3753 401 3833 τῇ
417 3753 555 3832 πέμπτῃ
571 3749 679 3833 βίβλῳ
696 3745 801 3814 πάλιν
824 3750 1175 3836 σονεκεφαλαίοο
1194 3771 1229 3812 τε

93 3849 171 3929 τοὺς
194 3848 337 3936 χρόνους
354 3845 416 3937 ἀφ’
431 3842 472 3917 οὗ
489 3845 517 3914 τ’
536 3846 659 3938 ἤρξατο
682 3853 739 3916 καλ
761 3857 860 3938 μέχρι
875 3843 916 3919 οὗ
934 3848 1117 3935 προελθὼν
1131 3873 1230 3915 κατε-

92 3953 182 4041 λύθη
206 3961 313 4021 ταῦτα
336 3952 422 4019 κατὰ
444 3955 535 4033 λέξιν
556 3952 733 4042 γεγραφώς
753 3956 798 4020 Μ.
844 3956 1071 4040 Imperfectum
1095 3975 1230 4020 συνεκε-

94 4059 246 4146 φαλαίοα
278 4058 368 4124 nullo
400 4058 495 4124 modo
524 4058 557 4123 in
583 4059 738 4125 enuntiati
773 4065 964 4126 structuram
998 4057 1157 4142 quadrare
1187 4057 1226 4139 is,

92 4164 148 4246 qni
176 4162 326 4246 volgatae
360 4161 528 4228 lectionem
563 4162 889 4250 σονανακεῳαλαιῶν
916 4161 1107 4244 introduxit,
1144 4168 1231 4229 recte

95 4266 269 4352 perspexit,
294 4285 488 4348 quamquam
503 4285 545 4330 ne
560 4265 606 4330 ita
619 4265 748 4348 quidem
764 4267 852 4332 locus
868 4272 1010 4332 sanatur.
1051 4265 1135 4331 Nam
1152 4287 1232 4332 σον
