2998 4896
445 540 467 605 S
873 563 882 604 t
1227 539 1297 603 VO:

845 724 846 728 ¹
1088 642 1251 714 nxdvdcxa
1292 645 1433 730 ἐπίπρα-

430 775 488 818 om.
1087 774 1176 820 σκεν,
1202 745 1435 838 ὅέστινᾶγρια
1491 749 1492 818 1

831 881 889 924 om.
1086 857 1222 945 λάχανα.
1301 853 1434 936 Ἄλλως·

1117 961 1125 982 ἱ

285 960 328 1054 μὴ
387 959 660 1048 ἄποδειλιάσ11ς.1
1058 988 1129 1055 ιμη
1190 959 1436 1048 ἅποδειλιάσης.

284 1065 329 1160 μὴ
423 1066 593 1158 ἀμελήσῃς.
605 1042 660 1157 111
1057 1067 1129 1161 1μὴ
1200 1069 1434 1159 μεταμελήσης.

287 1177 434 1246 σκώπτει
489 1179 526 1244 δὲ
570 1170 631 1245 τὸν
687 1174 835 1245 σκώπτει
968 1171 1031 1244 τὸν
1087 1178 1236 1248 σκώπτει
1286 1179 1322 1244 δὲ
1372 1173 1436 1245 τὸν

286 1279 630 1374 Εὐριπίδηνὼςλαχα-
657 1298 660 1385 1
686 1278 1031 1372 Εὐριπίδηνῶςλαχα-
1087 1281 1272 1374 Εὐριπίδην
1281 1278 1435 1370 ῶςλαχα-
1491 1359 1492 1393 1

287 1390 476 1470 νοπῶλιδος
544 1389 630 1460 υἱόν.
685 1389 877 1470 νοπῶλιδος
899 1390 985 1458 υἱόν.
1086 1392 1277 1471 νοπῶλιόος
1346 1390 1435 1458 υἱόν.
1491 1403 1492 1488 1

287 1497 426 1581 excindit}
466 1500 502 1565 δὲ
545 1496 632 1578 εἶδος
1087 1498 1227 1581 σκάνδιξ
1267 1499 1303 1564 δὲ
1345 1495 1437 1575 εἶδος

286 1603 433 1691 λαχάνου
457 1611 611 1672 λεπτοῦ.
830 1628 888 1672 om.
1086 1604 1242 1691 λαχάνου.
1293 1607 1437 1690 (λεπτοῦ
1491 1645 1492 1710 1

1087 1716 1160 1801 om.)
1491 1713 1492 1772 l

813 1913 833 1990 s
857 1909 921 1980 11..

375 2052 443 2117 Iam
475 2059 671 2117 transeamus
708 2052 749 2115 ad
782 2071 834 2116 ces
866 2051 1101 2127 adnotationes,
1137 2053 1169 2114 in
1202 2050 1316 2136 quibus
1348 2053 1436 2136 apud
1491 2133 1492 2144 1

286 2160 417 2226 Suidnm
435 2161 564 2244 propria
582 2179 619 2223 ac
642 2157 810 2242 singularis
825 2157 1014 2223 scholiorum
1030 2157 1132 2223 forma
1146 2162 1314 2241 comparet.
1347 2159 1437 2237 Quas

289 2268 315 2332 si
339 2288 447 2332 omnes
469 2266 582 2331 uellem
606 2286 799 2341 enumerare,
821 2265 950 2330 chartae
973 2287 1022 2330 me
1044 2265 1216 2331 misereret.
1253 2265 1335 2330 Nam
1354 2287 1437 2350 quo·
1491 2277 1492 2360 1

286 2374 371 2439 niem
403 2373 576 2438 dilacerata
606 2377 702 2456 etque
734 2371 850 2437 diffusa
880 2394 938 2456 per
964 2377 1067 2437 totum
1094 2371 1213 2436 lexicon
1243 2371 1436 2438 scholiorum

286 2481 377 2565 copia
400 2481 490 2558 iacet,
513 2485 545 2544 91
564 2478 678 2544 Suidas
701 2481 768 2563 ipse
791 2479 908 2544 iudicio
926 2480 1111 2563 plerumque
1129 2483 1225 2555 curet,
1247 2479 1318 2562 quis
1337 2480 1437 2544 miru-
1491 2507 1492 2530 1

287 2588 373 2652 bitur
400 2587 564 2671 permultis
588 2586 664 2652 locis
688 2586 878 2652 scholiorum
900 2587 1080 2651 thesaurum
1106 2586 1225 2651 lacunis
1248 2592 1281 2651 91
1303 2607 1438 2671 corrup·

285 2695 358 2759 telis
381 2691 581 2776 inquinatum
604 2695 689 2759 esse?
722 2692 834 2776 Itaque
857 2694 934 2758 sutis
957 2693 1059 2758 habeo
1083 2693 1254 2776 specimina
1276 2695 1436 2776 quaedam
1491 2685 1492 2708 1

286 2823 468 2884 expromere
491 2800 647 2884 grauioris
671 2801 913 2883 discrepantiae,
937 2803 1019 2865 inter
1041 2821 1123 2884 quae
1146 2806 1232 2877 sunt,
1255 2821 1294 2864 cx
1317 2799 1438 2883 quihus

285 2909 405 2991 aliquid
442 2908 519 2972 lucis
552 2914 584 2972 91
621 2904 849 2973 emendationis
882 2907 1009 2974 scholiis
1041 2910 1158 2972 nostris
1190 2906 1437 2990 Aristophsneis

285 3013 415 3080 affluere
439 3015 546 3098 possit.

374 3158 486 3240 Itaque
509 3157 551 3221 ad
575 3178 600 3220 v.
625 3155 704 3221 255:

387 3263 408 3329 S
433 3286 455 3328 s.
475 3263 515 3346 gl.
535 3255 714 3329 Ἡλιασταί·
1113 3262 1218 3348 VM)

285 3372 448 3436 Ηλιασταὶ
471 3367 504 3435 οἱ
527 3367 563 3433 ἐν
582 3361 708 3458 Ἡλιαίᾳ
726 3371 816 3436 δικα-

287 3479 369 3542 σταί.
403 3469 529 3540 ‘Hiceta
549 3475 585 3541 δὲ
604 3468 643 3541 τὸ
661 3475 816 3561 μέγιστον
1040 3468 1166 3541 Ἡλιαία
1188 3467 1250 3560 γὰρ
1274 3494 1435 3562 μεγιστον

287 3579 501 3669 δικαστήριον
520 3575 723 3670 ’Ἀθήνησιν
770 3581 817 3648 οἵ·
899 3580 1112 3668 δικαστήριον
1134 3574 1317 3669 Ἀθήνησιν.
1342 3581 1375 3649 οἱ
1396 3586 1433 3649 δὲ

285 3714 373 3767 τινες
413 3681 482 3755 ὑπὸ
523 3697 593 3754 τῶν
635 3690 816 3777 δημοτῶν·
899 3691 1050 3756 δικασταὶ
1074 3681 1140 3754 ὑπὸ
1164 3697 1235 3754 τῶν
1255 3691 1434 3776 δημαγῶ-
1491 3729 1492 3740 1

286 3796 478 3884 ἐτρέφοντο.
897 3803 976 3880 γῶν
1000 3795 1193 3881 ἐτρέφοντο.

374 3921 549 3987 Infeliciter
567 3921 619 3986 hic
632 3920 747 3986 Suides
765 3921 931 3986 scribendo
946 3922 1101 4006 δημοτῶν
1115 3921 1267 3986 scholium
1282 3925 1435 3996 mutauit;

286 4031 380 4093 immo
413 4049 493 4112 quac
526 4028 685 4093 codicibus
720 4028 782 4093 Vs
813 4029 1001 4093 adseruntur
1033 4029 1190 4112 scriptura
1222 4027 1434 4114 δημαγωγῶν

286 4137 404 4219 optime
426 4135 468 4200 nd
490 4141 603 4219 poetae
626 4155 751 4202 sensum
774 4135 918 4219 quadrat.

360 4313 377 4366 11
397 4328 543 4381 perperam
563 4312 669 4368 Snidns.

358 4400 378 4463 ²)
398 4400 475 4455 deest
494 4402 518 4456 R
537 4403 601 4456 inde
621 4419 637 4456 a
657 4419 680 4455 v.
700 4403 760 4457 214.
