3010 4896
532 385 574 396 -
622 349 717 432 [165]
764 387 808 396 -
1201 353 1240 416 ατ

108 543 182 607 oue
209 547 345 626 αλτσραα
370 543 524 608 comitale
551 547 765 608 transmutato
788 546 998 612 Ambrosiuui
1025 547 1244 628 discrepantia

104 649 231 730 prodiit.
280 649 359 714 Tum
382 648 553 716 Schneeius
579 651 713 733 prolatis
740 651 850 717 multis
873 654 964 729 locis,
990 651 1104 737 quibus
1126 653 1171 717 M
1189 661 1245 719 aut

108 779 169 822 cnm
187 757 229 822 R·
248 761 305 822 ant
322 779 393 822 cum
410 759 513 823 altero
531 758 674 824 codicum
697 781 811 842 genero
832 767 864 824 et
883 765 1018 826 maxime
1036 781 1106 826 cum
1124 761 1244 826 ΑΓΘΛ

109 866 283 940 conmntiut,
306 885 342 929 eo
366 865 510 948 peruenit
532 865 718 942 sententiae,
741 873 778 931 ut
799 867 840 932 ad
864 865 1090 950 perficiendum
1109 866 1243 932 Ambro-

109 972 224 1036 sianum
238 992 300 1035 non
315 993 411 1036 unum
431 972 486 1038 sed
505 973 585 1037 duos
603 973 726 1037 codices
743 979 912 1058 usurpatos
932 995 999 1040 csse
1018 977 1148 1050 statuat,
1166 995 1243 1058 quo-

109 1099 169 1143 rum
192 1077 333 1155 alterR,
360 1078 441 1144 alter
463 1077 652 1163 archetypus
676 1080 820 1145 codicum
843 1079 963 1222 ρλΓῗΔ
985 1079 1089 1146 fuerit.

789 1187 833 1238 ue·
870 1185 908 1239 eu
926 1187 965 1222 τω

190 1239 293 1321 Atque
322 1243 357 1303 nt
380 1239 516 1323 primum
544 1260 624 1321 quae
648 1239 687 1305 de
715 1241 873 1324 scriptura
896 1239 1020 1326 ἐρρέτω
1044 1241 1243 1306 Ambrosiaui

108 1345 234 1429 pmtulit
252 1346 302 1412 uir
321 1345 374 1410 illo
391 1345 501 1411 doctus
520 1345 671 1421 refellam,
690 1347 767 1488 quid
782 1349 854 1488 georgi
874 1353 922 1412 est
940 1347 1131 1423 dissimilius,
1149 1369 1242 1432 quam

651 1453 695 1504 re·
715 1452 753 1488 κα
799 1453 833 1506 ee
851 1453 890 1488 τω

109 1507 240 1572 codicem
264 1509 297 1570 Γ
314 1506 478 1590 archetypi
501 1506 690 1590 scripturam
714 1501 844 1590 ἑρπέτω
867 1508 1050 1584 retinuisse,
1072 1529 1142 1572 oum
1161 1507 1244 1574 hunc

109 1613 241 1679 codicem
262 1635 283 1678 a
304 1613 478 1678 recentiore
501 1614 571 1677 uiro
594 1619 628 1678 et
649 1613 745 1678 sciolo
765 1613 819 1679 illo
839 1615 967 1697 quidem
988 1619 1156 1680 tractatum
1177 1636 1243 1680 esse

109 1721 214 1786 doceat
228 1741 343 1804 magua
355 1720 411 1786 illa
425 1719 653 1786 correctionum
667 1721 835 1804 copiaque
849 1722 876 1785 is
895 1721 992 1786 codex
1011 1743 1157 1804 aspersus
1176 1723 1243 1787 cst?

110 1827 234 1893 Accedit
255 1829 340 1912 quod
363 1849 401 1892 ea
428 1829 498 1912 ipsa
519 1826 618 1892 uerba
639 1829 672 1892 in
696 1827 802 1892 codice
826 1832 859 1892 Γ
878 1831 1092 1914 suprascripto
1113 1851 1162 1914 γρ.
1187 1831 1243 1893 καὶ

110 1932 238 2020 ἐρρέτω,
260 1956 330 2000 cum
352 1941 434 2001 teste
457 1934 591 2000 Valseno
614 1956 634 1998 a
656 1935 792 2000 secunda
814 1957 908 2000 manu
931 1936 1018 2019 picta
1040 1937 1111 2012 sint,
1134 1935 1243 2019 geuui-

111 2063 176 2105 uam
198 2041 359 2126 archetypi
387 2042 577 2125 scripturam
600 2043 727 2106 omnino
754 2063 815 2106 uon
844 2049 1081 2126 repracsentare
1103 2049 1242 2126 possunt.

111 2147 202 2213 lmmo
229 2170 291 2212 non
319 2149 434 2214 desunt
461 2148 604 2232 exempla
637 2148 751 2232 quibus
782 2155 934 2234 appareat
965 2171 1004 2214 ex
1036 2149 1104 2234 ipso
1136 2149 1243 2216 codice

112 2253 312 2322 Ambrosiano
335 2277 559 2340 nonuunquam
577 2255 716 2320 codicem
735 2259 768 2319 Γ
782 2260 956 2322 correctum
975 2257 1025 2322 uel
1045 2257 1244 2340 inquinatum

113 2383 182 2440 esse,
203 2363 302 2428 ueluti
325 2363 358 2428 iu

194 2509 220 2552 r.
245 2488 308 2552 762
331 2483 504 2572 παράβαλλε
528 2489 569 2552 Μ
586 2486 679 2563 solus,

271 2613 315 2666 γρ.
336 2588 501 2665 παράβαλλε
522 2592 581 2660 (uie)

332 2661 530 2751 παραβόλου
547 2668 579 2730 Γ
595 2664 745 2750 (secunda
764 2686 874 2731 manus
893 2667 1030 2732 correxit
1047 2662 1243 2748 παραβάλου

115 2793 150 2836 ex
169 2776 363 2858 παραβαλοῦ
385 2778 419 2840 et
441 2773 662 2858 superscripsit
684 2767 899 2859 παράβαλλε).

193 2991 220 3034 τ.
233 2969 299 3033 435
318 2916 536 3054 καταπρολξεά
549 2971 593 3049 M,
611 2969 687 3046 item
701 2990 796 3051 super
810 2991 839 3032 ει
856 2971 973 3052 scripto
987 2989 1007 3032 a
1021 2969 1157 3033 secunda
1170 2992 1190 3053 η
1205 2971 1242 3031 Γ.

195 3187 220 3231 r.
243 3165 308 3231 856
332 3096 606 3241 καάάάπάσαντες
629 3168 673 3244 M,

335 3267 615 3357 καθαρπάσαντες
630 3293 708 3339 corr.
719 3274 856 3338 secunda
871 3295 908 3337 ex
922 3267 1195 3346 κατασπάσαντες
1206 3274 1242 3334 Γ.

197 3489 221 3532 v.
244 3469 308 3534 877
332 3415 551 3551 ἔάνουμέασυς
574 3471 618 3549 M,

335 3595 564 3748 άιαουμέαους,
586 3669 607 3744 β
630 3664 738 3730 littera
760 3685 780 3728 a
802 3664 939 3730 secunda
964 3667 999 3728 Γ.

291 3806 336 3859 γρ.
356 3777 438 3852 οὗτος

198 3901 223 3944 r.
249 3878 332 3943 1277
358 3867 458 3955 αὐτὸς
480 3879 525 3958 M,

291 4002 335 4054 γρ.
356 3978 441 4074 αὖῖτὸς

358 4077 457 4133 ουτος
480 4054 542 4140 (γρ,
566 4047 667 4133 αὐτὸς
689 4078 708 4120 a
732 4055 882 4138 secunda)
906 4057 943 4118 Γ.

199 4177 315 4244 Eodem
337 4181 442 4245 nescio
465 4201 506 4243 an
529 4179 687 4263 pertineat
710 4180 806 4243 etiam

201 4307 225 4352 v.
239 4287 301 4352 289
320 4277 360 4350 τὸ
379 4291 503 4366 νῶτον,
520 4292 592 4370 post
609 4277 649 4349 τὸ
668 4295 780 4350 rasura
798 4285 903 4350 deleta
921 4289 968 4348 est
985 4305 1049 4348 uno
1066 4283 1182 4362 littore,
1201 4287 1245 4362 M,

332 4385 372 4462 τὸ
395 4399 517 4476 νῶτον,
540 4395 573 4459 in
596 4414 707 4458 rasura
728 4393 830 4480 pinxit
853 4383 892 4456 τὸ
917 4391 1054 4456 secunde
1076 4394 1113 4458 Γ.
