<?xml version="1.0" encoding="UTF-8"?>
<!DOCTYPE html PUBLIC "-//W3C//DTD XHTML 1.0 Transitional//EN"
    "http://www.w3.org/TR/xhtml1/DTD/xhtml1-transitional.dtd">
<html xmlns="http://www.w3.org/1999/xhtml" xml:lang="en" lang="en">
 <head>
  <title>
</title>
<meta http-equiv="Content-Type" content="text/html;charset=utf-8" />
  <meta name='ocr-system' content='tesseract 3.04.00' />
  <meta name='ocr-capabilities' content='ocr_page ocr_carea ocr_par ocr_line ocrx_word'/>
</head>
<body>
  <div class='ocr_page' id='page_1' title='image "./dissertationesp02unkngoog/dissertationesp02unkngoog_0701.png"; bbox 0 0 2982 4884; ppageno 0'>
   <div class='ocr_carea' id='block_1_1' title="bbox 268 375 964 458">
    <p class='ocr_par' dir='ltr' id='par_1_1' title="bbox 268 375 964 458">
     <span class='ocr_line' id='line_1_1' title="bbox 268 375 964 458; baseline -0.004 -18"><span class='ocrx_word' id='word_1_1' title='bbox 268 379 329 440; x_wconf 77' lang='lat' dir='ltr'><strong>rao</strong></span> <span class='ocrx_word' id='word_1_2' title='bbox 698 408 742 423; x_wconf 82' lang='lat'><em>-</em></span> <span class='ocrx_word' id='word_1_3' title='bbox 790 375 873 458; x_wconf 76' lang='lat' dir='ltr'><strong>[rao]</strong></span> <span class='ocrx_word' id='word_1_4' title='bbox 920 410 964 422; x_wconf 93' lang='lat'>-</span> 
     </span>
    </p>
   </div>
   <div class='ocr_carea' id='block_1_2' title="bbox 257 559 1384 856">
    <p class='ocr_par' dir='ltr' id='par_1_2' title="bbox 261 559 1384 856">
     <span class='ocr_line' id='line_1_2' title="bbox 266 559 1381 648; baseline -0.005 -18"><span class='ocrx_word' id='word_1_5' title='bbox 266 565 353 630; x_wconf 84' lang='lat' dir='ltr'><strong>visse</strong></span> <span class='ocrx_word' id='word_1_6' title='bbox 369 563 473 648; x_wconf 85' lang='lat' dir='ltr'><strong>iisque</strong></span> <span class='ocrx_word' id='word_1_7' title='bbox 489 559 689 630; x_wconf 78' lang='lat' dir='ltr'><strong>familiariter</strong></span> <span class='ocrx_word' id='word_1_8' title='bbox 703 583 796 628; x_wconf 87' lang='lat' dir='ltr'><strong>usum</strong></span> <span class='ocrx_word' id='word_1_9' title='bbox 812 581 885 630; x_wconf 84' lang='lat' dir='ltr'><strong>esse</strong></span> <span class='ocrx_word' id='word_1_10' title='bbox 899 563 987 630; x_wconf 86' lang='lat' dir='ltr'><strong>vitae</strong></span> <span class='ocrx_word' id='word_1_11' title='bbox 1003 561 1145 640; x_wconf 86' lang='lat' dir='ltr'><strong>traduat;</strong></span> <span class='ocrx_word' id='word_1_12' title='bbox 1168 560 1210 628; x_wconf 82' lang='lat' dir='ltr'><em>el.</em></span> <span class='ocrx_word' id='word_1_13' title='bbox 1229 561 1381 627; x_wconf 82' lang='lat' dir='ltr'><strong>Westem.</strong></span> 
     </span>
     <span class='ocr_line' id='line_1_3' title="bbox 261 659 1383 754; baseline -0.007 -21"><span class='ocrx_word' id='word_1_14' title='bbox 261 667 366 751; x_wconf 83' lang='lat' dir='ltr'><strong>biogr.</strong></span> <span class='ocrx_word' id='word_1_15' title='bbox 392 687 425 752; x_wconf 92' lang='lat' dir='ltr'><em>p.</em></span> <span class='ocrx_word' id='word_1_16' title='bbox 445 660 577 732; x_wconf 76' lang='lat' dir='ltr'><strong>298³s‘</strong></span> <span class='ocrx_word' id='word_1_17' title='bbox 561 689 578 732; x_wconf 91' lang='lat' dir='ltr'><strong>o</strong></span> <span class='ocrx_word' id='word_1_18' title='bbox 602 659 742 744; x_wconf 73' lang='grc' dir='ltr'><em>θεῖος’</em></span> <span class='ocrx_word' id='word_1_19' title='bbox 723 663 807 754; x_wconf 78' lang='grc' dir='ltr'><em>ανὴρ</em></span> <span class='ocrx_word' id='word_1_20' title='bbox 831 662 1125 754; x_wconf 80' lang='grc' dir='ltr'><em>φιλοσόφωνν</em></span> <span class='ocrx_word' id='word_1_21' title='bbox 1061 663 1125 747; x_wconf 76' lang='grc' dir='ltr'><em>μὲν</em></span> <span class='ocrx_word' id='word_1_22' title='bbox 1151 659 1273 730; x_wconf 80' lang='grc' dir='ltr'><em>ἑαυτὸν</em></span> <span class='ocrx_word' id='word_1_23' title='bbox 1294 685 1383 745; x_wconf 89' lang='grc' dir='ltr'><em>παρε-</em></span> 
     </span>
     <span class='ocr_line' id='line_1_4' title="bbox 257 763 1384 856; baseline -0.005 -20.957"><span class='ocrx_word' id='word_1_24' title='bbox 257 767 359 836; x_wconf 85' lang='grc' dir='ltr'><em>άίάου</em></span> <span class='ocrx_word' id='word_1_25' title='bbox 381 767 555 835; x_wconf 84' lang='grc' dir='ltr'><em>Πλάτωνι.</em></span> <span class='ocrx_word' id='word_1_26' title='bbox 603 771 681 836; x_wconf 74' lang='lat' dir='ltr'><strong>issle</strong></span> <span class='ocrx_word' id='word_1_27' title='bbox 706 767 813 856; x_wconf 78' lang='grc' dir='ltr'><em>ζηλῶν</em></span> <span class='ocrx_word' id='word_1_28' title='bbox 837 768 986 835; x_wconf 83' lang='grc' dir='ltr'><em>Θουκυάί</em></span> <span class='ocrx_word' id='word_1_29' title='bbox 973 768 1048 856; x_wconf 85' lang='grc' dir='ltr'><em>ίάην</em></span> <span class='ocrx_word' id='word_1_30' title='bbox 1069 769 1126 833; x_wconf 87' lang='grc' dir='ltr'><em>καί</em></span> <span class='ocrx_word' id='word_1_31' title='bbox 1148 763 1363 836; x_wconf 77' lang='grc' dir='ltr'><em>Πλάτωνα</em></span> <span class='ocrx_word' id='word_1_32' title='bbox 1337 789 1384 830; x_wconf 86' lang='grc' dir='ltr'><em>τον</em></span> 
     </span>
    </p>
   </div>
   <div class='ocr_carea' id='block_1_3' title="bbox 263 865 1383 962">
    <p class='ocr_par' dir='ltr' id='par_1_3' title="bbox 263 865 1383 962">
     <span class='ocr_line' id='line_1_5' title="bbox 263 865 1383 962; baseline -0.005 -23"><span class='ocrx_word' id='word_1_33' title='bbox 263 871 467 962; x_wconf 79' lang='grc' dir='ltr'><em>φιλόσοφον,</em></span> <span class='ocrx_word' id='word_1_34' title='bbox 500 897 526 959; x_wconf 84' lang='grc' dir='ltr'><em>ῳ</em></span> <span class='ocrx_word' id='word_1_35' title='bbox 549 895 637 950; x_wconf 90' lang='grc' dir='ltr'><em>τινες</em></span> <span class='ocrx_word' id='word_1_36' title='bbox 666 867 767 938; x_wconf 82' lang='grc' dir='ltr'><em>εἶπον</em></span> <span class='ocrx_word' id='word_1_37' title='bbox 795 876 1060 960; x_wconf 68' lang='grc' dir='ltr'><em>προηγουμένως</em></span> <span class='ocrx_word' id='word_1_38' title='bbox 1089 865 1194 938; x_wconf 79' lang='grc' dir='ltr'><em>αὐτὸν</em></span> <span class='ocrx_word' id='word_1_39' title='bbox 1222 867 1383 953; x_wconf 76' lang='grc' dir='ltr'><em>σχολάσαι.</em></span> 
     </span>
    </p>
   </div>
   <div class='ocr_carea' id='block_1_4' title="bbox 262 969 1391 3536">
    <p class='ocr_par' dir='ltr' id='par_1_4' title="bbox 262 969 1389 1477">
     <span class='ocr_line' id='line_1_6' title="bbox 263 969 1384 1064; baseline -0.006 -20"><span class='ocrx_word' id='word_1_40' title='bbox 263 980 355 1044; x_wconf 82' lang='grc' dir='ltr'><em>309ιι</em></span> <span class='ocrx_word' id='word_1_41' title='bbox 371 973 655 1064; x_wconf 83' lang='grc' dir='ltr'><em>συνεφιλολόγησε</em></span> <span class='ocrx_word' id='word_1_42' title='bbox 671 970 703 1041; x_wconf 78' lang='grc' dir='ltr'><em>δ’</em></span> <span class='ocrx_word' id='word_1_43' title='bbox 714 974 865 1042; x_wconf 88' lang='grc' dir='ltr'><em>Αίσίωνι</em></span> <span class='ocrx_word' id='word_1_44' title='bbox 880 999 927 1061; x_wconf 86' lang='grc' dir='ltr'><em>τῳ</em></span> <span class='ocrx_word' id='word_1_45' title='bbox 910 969 1083 1063; x_wconf 69' lang='grc' dir='ltr'><em>’Ἀθηναί</em></span> <span class='ocrx_word' id='word_1_46' title='bbox 1085 998 1111 1060; x_wconf 87' lang='grc' dir='ltr'><em>ῳ</em></span> <span class='ocrx_word' id='word_1_47' title='bbox 1070 974 1184 1039; x_wconf 78' lang='grc' dir='ltr'><em>ίκαί</em></span> <span class='ocrx_word' id='word_1_48' title='bbox 1201 970 1384 1056; x_wconf 77' lang='grc' dir='ltr'><em>Θεοπόμπῳ</em></span> 
     </span>
     <span class='ocr_line' id='line_1_7' title="bbox 262 1071 1382 1166; baseline -0.004 -22"><span class='ocrx_word' id='word_1_49' title='bbox 262 1087 309 1166; x_wconf 83' lang='grc' dir='ltr'><em>τῷ</em></span> <span class='ocrx_word' id='word_1_50' title='bbox 322 1083 399 1165; x_wconf 88' lang='grc' dir='ltr'><em>Χίῳ</em></span> <span class='ocrx_word' id='word_1_51' title='bbox 416 1075 610 1166; x_wconf 85' lang='grc' dir='ltr'><em>φιλοσόφῳ.</em></span> <span class='ocrx_word' id='word_1_52' title='bbox 651 1083 742 1146; x_wconf 72' lang='lat' dir='ltr'><strong>retu</strong></span> <span class='ocrx_word' id='word_1_53' title='bbox 759 1077 844 1164; x_wconf 87' lang='grc' dir='ltr'><em>ἐ’γνω</em></span> <span class='ocrx_word' id='word_1_54' title='bbox 860 1071 894 1144; x_wconf 79' lang='grc' dir='ltr'><em>δ’</em></span> <span class='ocrx_word' id='word_1_55' title='bbox 909 1071 1014 1145; x_wconf 80' lang='grc' dir='ltr'><em>αὐτὸν</em></span> <span class='ocrx_word' id='word_1_56' title='bbox 1033 1079 1087 1163; x_wconf 72' lang='grc' dir='ltr'><em>(ευ.</em></span> <span class='ocrx_word' id='word_1_57' title='bbox 1103 1075 1163 1145; x_wconf 83' lang='grc' dir='ltr'><em>τὸν</em></span> <span class='ocrx_word' id='word_1_58' title='bbox 1178 1076 1382 1164; x_wconf 64' lang='grc' dir='ltr'><em>Δημοσθένη)</em></span> 
     </span>
     <span class='ocr_line' id='line_1_8' title="bbox 263 1175 1389 1271; baseline -0.005 -23"><span class='ocrx_word' id='word_1_59' title='bbox 263 1183 319 1249; x_wconf 84' lang='grc' dir='ltr'><em>καὶ</em></span> <span class='ocrx_word' id='word_1_60' title='bbox 334 1187 471 1260; x_wconf 89' lang='grc' dir='ltr'><em>Λυσίας</em></span> <span class='ocrx_word' id='word_1_61' title='bbox 492 1177 510 1248; x_wconf 85' lang='grc' dir='ltr'>ὁ</span> <span class='ocrx_word' id='word_1_62' title='bbox 536 1181 646 1271; x_wconf 80' lang='grc' dir='ltr'><em>ῥήτωρ</em></span> <span class='ocrx_word' id='word_1_63' title='bbox 669 1184 725 1248; x_wconf 87' lang='grc' dir='ltr'><em>καί</em></span> <span class='ocrx_word' id='word_1_64' title='bbox 744 1177 937 1270; x_wconf 77' lang='grc' dir='ltr'><em>Ἰσοκράτης</em></span> <span class='ocrx_word' id='word_1_65' title='bbox 959 1176 1028 1248; x_wconf 77' lang='lat' dir='ltr'><strong>aida</strong></span> <span class='ocrx_word' id='word_1_66' title='bbox 1043 1177 1309 1264; x_wconf 72' lang='grc' dir='ltr'><em>πολιτευόμενον</em></span> <span class='ocrx_word' id='word_1_67' title='bbox 1324 1175 1389 1262; x_wconf 87' lang='grc' dir='ltr'><em>άχρι</em></span> 
     </span>
     <span class='ocr_line' id='line_1_9' title="bbox 262 1284 1389 1374; baseline -0.004 -23"><span class='ocrx_word' id='word_1_68' title='bbox 262 1295 321 1374; x_wconf 80' lang='grc' dir='ltr'><em>της</em></span> <span class='ocrx_word' id='word_1_69' title='bbox 345 1285 381 1353; x_wconf 85' lang='grc' dir='ltr'><em>ἐν</em></span> <span class='ocrx_word' id='word_1_70' title='bbox 403 1291 599 1373; x_wconf 75' lang='grc' dir='ltr'><strong><em>Χαιρωνείᾳ</em></strong></span> <span class='ocrx_word' id='word_1_71' title='bbox 626 1284 735 1374; x_wconf 83' lang='grc' dir='ltr'><em>μάχης</em></span> <span class='ocrx_word' id='word_1_72' title='bbox 763 1290 822 1351; x_wconf 90' lang='grc' dir='ltr'><em>καί</em></span> <span class='ocrx_word' id='word_1_73' title='bbox 851 1307 940 1364; x_wconf 83' lang='grc' dir='ltr'><em>τινες</em></span> <span class='ocrx_word' id='word_1_74' title='bbox 968 1291 1035 1352; x_wconf 85' lang='grc' dir='ltr'><em>τῶν</em></span> <span class='ocrx_word' id='word_1_75' title='bbox 1057 1289 1281 1373; x_wconf 79' lang='grc' dir='ltr'><strong><em>Σωκρατικῶν</em></strong></span> <span class='ocrx_word' id='word_1_76' title='bbox 1302 1284 1389 1371; x_wconf 82' lang='grc' dir='ltr'><em>φιλο-</em></span> 
     </span>
     <span class='ocr_line' id='line_1_10' title="bbox 264 1414 393 1477; baseline -0.016 -21"><span class='ocrx_word' id='word_1_77' title='bbox 264 1414 393 1477; x_wconf 86' lang='grc' dir='ltr'><em>σοῳων.</em></span> 
     </span>
    </p>

    <p class='ocr_par' dir='ltr' id='par_1_5' title="bbox 264 1491 1391 1971">
     <span class='ocr_line' id='line_1_11' title="bbox 350 1491 1389 1577; baseline -0.004 -19"><span class='ocrx_word' id='word_1_78' title='bbox 350 1492 536 1558; x_wconf 86' lang='lat' dir='ltr'><strong>Raddantur</strong></span> <span class='ocrx_word' id='word_1_79' title='bbox 563 1492 662 1577; x_wconf 75' lang='lat' dir='ltr'><strong>igitar</strong></span> <span class='ocrx_word' id='word_1_80' title='bbox 689 1493 811 1559; x_wconf 85' lang='lat' dir='ltr'><strong>auotori</strong></span> <span class='ocrx_word' id='word_1_81' title='bbox 841 1511 899 1558; x_wconf 85' lang='lat' dir='ltr'><em>suo</em></span> <span class='ocrx_word' id='word_1_82' title='bbox 927 1491 987 1558; x_wconf 90' lang='lat' dir='ltr'><strong>illa</strong></span> <span class='ocrx_word' id='word_1_83' title='bbox 1008 1493 1121 1574; x_wconf 83' lang='lat' dir='ltr'><strong>verba,</strong></span> <span class='ocrx_word' id='word_1_84' title='bbox 1153 1491 1331 1576; x_wconf 78' lang='lat' dir='ltr'><strong>Hermippo</strong></span> <span class='ocrx_word' id='word_1_85' title='bbox 1354 1509 1389 1554; x_wconf 87' lang='lat' dir='ltr'><strong>ae</strong></span> 
     </span>
     <span class='ocr_line' id='line_1_12' title="bbox 264 1593 1389 1679; baseline -0.005 -17"><span class='ocrx_word' id='word_1_86' title='bbox 264 1597 454 1663; x_wconf 84' lang='lat' dir='ltr'><strong>tribuantur.</strong></span> <span class='ocrx_word' id='word_1_87' title='bbox 500 1596 581 1664; x_wconf 88' lang='lat' dir='ltr'><strong>lude</strong></span> <span class='ocrx_word' id='word_1_88' title='bbox 605 1616 645 1663; x_wconf 93' lang='lat' dir='ltr'><strong>ea</strong></span> <span class='ocrx_word' id='word_1_89' title='bbox 666 1596 763 1663; x_wconf 91' lang='lat' dir='ltr'><strong>etiam</strong></span> <span class='ocrx_word' id='word_1_90' title='bbox 786 1597 870 1662; x_wconf 90' lang='lat' dir='ltr'><strong>ultro</strong></span> <span class='ocrx_word' id='word_1_91' title='bbox 894 1602 1060 1679; x_wconf 81' lang='lat' dir='ltr'><strong>oomnunt,</strong></span> <span class='ocrx_word' id='word_1_92' title='bbox 1086 1613 1170 1678; x_wconf 87' lang='lat' dir='ltr'><strong>quae</strong></span> <span class='ocrx_word' id='word_1_93' title='bbox 1191 1595 1230 1662; x_wconf 82' lang='lat' dir='ltr'><em>F.</em></span> <span class='ocrx_word' id='word_1_94' title='bbox 1255 1593 1389 1660; x_wconf 84' lang='lat' dir='ltr'><strong>Blassius</strong></span> 
     </span>
     <span class='ocr_line' id='line_1_13' title="bbox 264 1695 1391 1784; baseline -0.004 -19"><span class='ocrx_word' id='word_1_95' title='bbox 264 1719 304 1766; x_wconf 81' lang='lat' dir='ltr'><em>ex</em></span> <span class='ocrx_word' id='word_1_96' title='bbox 327 1697 493 1784; x_wconf 82' lang='lat' dir='ltr'><strong>Hermippi</strong></span> <span class='ocrx_word' id='word_1_97' title='bbox 515 1717 599 1782; x_wconf 87' lang='lat' dir='ltr'><strong>quae</strong></span> <span class='ocrx_word' id='word_1_98' title='bbox 621 1698 791 1765; x_wconf 88' lang='lat' dir='ltr'><strong>videbatur</strong></span> <span class='ocrx_word' id='word_1_99' title='bbox 813 1699 1003 1765; x_wconf 86' lang='lat' dir='ltr'><strong>auotoritate</strong></span> <span class='ocrx_word' id='word_1_100' title='bbox 1025 1698 1066 1764; x_wconf 91' lang='lat' dir='ltr'><em>de</em></span> <span class='ocrx_word' id='word_1_101' title='bbox 1087 1698 1175 1764; x_wconf 83' lang='lat' dir='ltr'><strong>isaei</strong></span> <span class='ocrx_word' id='word_1_102' title='bbox 1201 1717 1273 1764; x_wconf 84' lang='lat' dir='ltr'><em>oum</em></span> <span class='ocrx_word' id='word_1_103' title='bbox 1296 1695 1391 1780; x_wconf 75' lang='lat' dir='ltr'><strong>philo</strong></span> 
     </span>
     <span class='ocr_line' id='line_1_14' title="bbox 265 1797 1387 1887; baseline -0.005 -19"><span class='ocrx_word' id='word_1_104' title='bbox 265 1803 377 1887; x_wconf 87' lang='lat' dir='ltr'><strong>sophis</strong></span> <span class='ocrx_word' id='word_1_105' title='bbox 399 1801 620 1868; x_wconf 68' lang='lat' dir='ltr'><strong>familiaritate</strong></span> <span class='ocrx_word' id='word_1_106' title='bbox 649 1803 710 1869; x_wconf 85' lang='lat' dir='ltr'><strong>etsi</strong></span> <span class='ocrx_word' id='word_1_107' title='bbox 735 1801 918 1869; x_wconf 79' lang='lat' dir='ltr'><strong>dubitanter</strong></span> <span class='ocrx_word' id='word_1_108' title='bbox 939 1801 1097 1886; x_wconf 80' lang='lat' dir='ltr'><strong>doouit¹);</strong></span> <span class='ocrx_word' id='word_1_109' title='bbox 1131 1801 1211 1886; x_wconf 88' lang='lat' dir='ltr'><strong>ipse,</strong></span> <span class='ocrx_word' id='word_1_110' title='bbox 1238 1797 1271 1865; x_wconf 87' lang='lat' dir='ltr'><em>nl</em></span> <span class='ocrx_word' id='word_1_111' title='bbox 1294 1799 1387 1877; x_wconf 78' lang='lat' dir='ltr'><strong>fallor,</strong></span> 
     </span>
     <span class='ocr_line' id='line_1_15' title="bbox 264 1903 782 1971; baseline -0.006 -1"><span class='ocrx_word' id='word_1_112' title='bbox 264 1905 366 1971; x_wconf 85' lang='lat' dir='ltr'><strong>sensit</strong></span> <span class='ocrx_word' id='word_1_113' title='bbox 386 1903 482 1970; x_wconf 88' lang='lat' dir='ltr'><strong>fidem</strong></span> <span class='ocrx_word' id='word_1_114' title='bbox 505 1923 545 1970; x_wconf 86' lang='lat' dir='ltr'><strong>ea</strong></span> <span class='ocrx_word' id='word_1_115' title='bbox 567 1925 629 1970; x_wconf 88' lang='lat' dir='ltr'><em>non</em></span> <span class='ocrx_word' id='word_1_116' title='bbox 652 1904 782 1971; x_wconf 88' lang='lat' dir='ltr'><strong>habere.</strong></span> 
     </span>
    </p>

    <p class='ocr_par' dir='ltr' id='par_1_6' title="bbox 264 2000 1391 3536">
     <span class='ocr_line' id='line_1_16' title="bbox 350 2000 1391 2094; baseline -0.004 -22"><span class='ocrx_word' id='word_1_117' title='bbox 350 2030 383 2094; x_wconf 88' lang='lat' dir='ltr'><em>p.</em></span> <span class='ocrx_word' id='word_1_118' title='bbox 401 2011 507 2072; x_wconf 80' lang='lat' dir='ltr'><strong>590ass</strong></span> <span class='ocrx_word' id='word_1_119' title='bbox 539 2003 642 2092; x_wconf 85' lang='grc' dir='ltr'><strong><em>Παρὰ</em></strong></span> <span class='ocrx_word' id='word_1_120' title='bbox 665 2011 783 2094; x_wconf 78' lang='grc' dir='ltr'><em>Λυσίᾳ</em></span> <span class='ocrx_word' id='word_1_121' title='bbox 805 2007 868 2090; x_wconf 90' lang='grc' dir='ltr'><em>μέν</em></span> <span class='ocrx_word' id='word_1_122' title='bbox 890 2000 931 2073; x_wconf 81' lang='grc' dir='ltr'><em>οὐ</em></span> <span class='ocrx_word' id='word_1_123' title='bbox 952 2003 1084 2094; x_wconf 80' lang='grc' dir='ltr'><em>πολλὴν</em></span> <span class='ocrx_word' id='word_1_124' title='bbox 1105 2003 1166 2094; x_wconf 84' lang='grc' dir='ltr'><em>τὴν</em></span> <span class='ocrx_word' id='word_1_125' title='bbox 1188 2002 1391 2091; x_wconf 82' lang='grc' dir='ltr'><em>ἐπιτέχνησιν</em></span> 
     </span>
     <span class='ocr_line' id='line_1_17' title="bbox 265 2103 1390 2200; baseline -0.006 -23"><span class='ocrx_word' id='word_1_126' title='bbox 265 2107 324 2177; x_wconf 80' lang='grc' dir='ltr'><em>οάτ</em></span> <span class='ocrx_word' id='word_1_127' title='bbox 328 2105 392 2177; x_wconf 78' lang='grc' dir='ltr'><em>’ἐν</em></span> <span class='ocrx_word' id='word_1_128' title='bbox 415 2108 587 2200; x_wconf 62' lang='grc' dir='ltr'><em>(τοῖς)ἐ)γ</em></span> <span class='ocrx_word' id='word_1_129' title='bbox 574 2123 752 2197; x_wconf 87' lang='grc' dir='ltr'><em>μερισμοῖς</em></span> <span class='ocrx_word' id='word_1_130' title='bbox 774 2117 841 2178; x_wconf 79' lang='grc' dir='ltr'><em>τῶν</em></span> <span class='ocrx_word' id='word_1_131' title='bbox 863 2107 1075 2197; x_wconf 78' lang='grc' dir='ltr'><em>πραγμάτων</em></span> <span class='ocrx_word' id='word_1_132' title='bbox 1098 2103 1157 2176; x_wconf 83' lang='grc' dir='ltr'><em>υάτ</em></span> <span class='ocrx_word' id='word_1_133' title='bbox 1160 2103 1226 2176; x_wconf 79' lang='grc' dir='ltr'><em>’ἐν</em></span> <span class='ocrx_word' id='word_1_134' title='bbox 1247 2115 1287 2194; x_wconf 81' lang='grc' dir='ltr'><em>τῇ</em></span> <span class='ocrx_word' id='word_1_135' title='bbox 1308 2105 1390 2187; x_wconf 81' lang='grc' dir='ltr'><em>τάξει</em></span> 
     </span>
     <span class='ocr_line' id='line_1_18' title="bbox 264 2207 1387 2302; baseline -0.005 -22"><span class='ocrx_word' id='word_1_136' title='bbox 264 2222 329 2282; x_wconf 80' lang='grc' dir='ltr'><em>τῶν</em></span> <span class='ocrx_word' id='word_1_137' title='bbox 351 2212 602 2302; x_wconf 69' lang='grc' dir='ltr'><em>ἐνθυμημάτων</em></span> <span class='ocrx_word' id='word_1_138' title='bbox 625 2209 700 2281; x_wconf 84' lang='grc' dir='ltr'><em>σάτε</em></span> <span class='ocrx_word' id='word_1_139' title='bbox 724 2212 761 2282; x_wconf 92' lang='grc' dir='ltr'><em>ἐν</em></span> <span class='ocrx_word' id='word_1_140' title='bbox 782 2226 856 2291; x_wconf 88' lang='grc' dir='ltr'><em>ταῖς</em></span> <span class='ocrx_word' id='word_1_141' title='bbox 880 2212 1089 2301; x_wconf 78' lang='grc' dir='ltr'><em>ἐξεργασίαις</em></span> <span class='ocrx_word' id='word_1_142' title='bbox 1119 2207 1230 2280; x_wconf 79' lang='grc' dir='ltr'><em>αὐτῶν</em></span> <span class='ocrx_word' id='word_1_143' title='bbox 1257 2209 1387 2298; x_wconf 80' lang='grc' dir='ltr'><em>ὄψεται·</em></span> 
     </span>
     <span class='ocr_line' id='line_1_19' title="bbox 266 2299 1388 2438; baseline -0.007 -54"><span class='ocrx_word' id='word_1_144' title='bbox 266 2311 397 2394; x_wconf 80' lang='grc' dir='ltr'><em>ἄπλους</em></span> <span class='ocrx_word' id='word_1_145' title='bbox 419 2316 480 2404; x_wconf 88' lang='grc' dir='ltr'><em>γάρ</em></span> <span class='ocrx_word' id='word_1_146' title='bbox 506 2311 523 2384; x_wconf 83' lang='grc' dir='ltr'><em>ὃ</em></span> <span class='ocrx_word' id='word_1_147' title='bbox 548 2311 643 2438; x_wconf 78' lang='grc' dir='ltr'><em>άνηρ.</em></span> <span class='ocrx_word' id='word_1_148' title='bbox 669 2311 755 2404; x_wconf 80' lang='grc' dir='ltr'><em>παρ’</em></span> <span class='ocrx_word' id='word_1_149' title='bbox 777 2311 891 2403; x_wconf 89' lang='grc' dir='ltr'><em>Ἰσαίῳ</em></span> <span class='ocrx_word' id='word_1_150' title='bbox 851 2317 957 2383; x_wconf 76' lang='lat' dir='ltr'><strong>tos</strong></span> <span class='ocrx_word' id='word_1_151' title='bbox 988 2315 1045 2382; x_wconf 85' lang='grc' dir='ltr'><em>καί</em></span> <span class='ocrx_word' id='word_1_152' title='bbox 1073 2311 1311 2403; x_wconf 82' lang='grc' dir='ltr'><em>τεχνικώτερον</em></span> <span class='ocrx_word' id='word_1_153' title='bbox 1337 2299 1388 2402; x_wconf 80' lang='grc' dir='ltr'><em>ηίη</em></span> 
     </span>
     <span class='ocr_line' id='line_1_20' title="bbox 265 2413 1389 2516; baseline -0.003 -31"><span class='ocrx_word' id='word_1_154' title='bbox 265 2417 424 2516; x_wconf 88' lang='grc' dir='ltr'><em>γινόμενα</em></span> <span class='ocrx_word' id='word_1_155' title='bbox 447 2444 553 2486; x_wconf 92' lang='grc' dir='ltr'><em>ταυτα</em></span> <span class='ocrx_word' id='word_1_156' title='bbox 576 2413 720 2508; x_wconf 81' lang='grc' dir='ltr'><em>εὑρησει.</em></span> <span class='ocrx_word' id='word_1_157' title='bbox 759 2422 843 2488; x_wconf 81' lang='lat' dir='ltr'><strong>Ante</strong></span> <span class='ocrx_word' id='word_1_158' title='bbox 866 2421 1057 2508; x_wconf 76' lang='lat' dir='ltr'><strong>particulam</strong></span> <span class='ocrx_word' id='word_1_159' title='bbox 1076 2442 1118 2486; x_wconf 90' lang='grc' dir='ltr'><em>κα</em></span> <span class='ocrx_word' id='word_1_160' title='bbox 1121 2417 1271 2503; x_wconf 67' lang='lat' dir='ltr'><strong>[aliquid</strong></span> <span class='ocrx_word' id='word_1_161' title='bbox 1286 2418 1389 2484; x_wconf 80' lang='lat' dir='ltr'>deesse</span> 
     </span>
     <span class='ocr_line' id='line_1_21' title="bbox 265 2507 1389 2616; baseline -0.005 -28"><span class='ocrx_word' id='word_1_162' title='bbox 265 2507 417 2616; x_wconf 70' lang='lat' dir='ltr'><strong>Reiskiua</strong></span> <span class='ocrx_word' id='word_1_163' title='bbox 439 2523 615 2610; x_wconf 80' lang='lat' dir='ltr'><em>perspexit,</em></span> <span class='ocrx_word' id='word_1_164' title='bbox 642 2544 833 2608; x_wconf 88' lang='lat' dir='ltr'><strong>quamquam</strong></span> <span class='ocrx_word' id='word_1_165' title='bbox 856 2543 940 2607; x_wconf 89' lang='lat' dir='ltr'><strong>quae</strong></span> <span class='ocrx_word' id='word_1_166' title='bbox 961 2523 1032 2610; x_wconf 85' lang='lat' dir='ltr'><strong>ipae</strong></span> <span class='ocrx_word' id='word_1_167' title='bbox 1048 2523 1214 2610; x_wconf 86' lang='lat' dir='ltr'><strong>proposuit</strong></span> <span class='ocrx_word' id='word_1_168' title='bbox 1228 2517 1389 2589; x_wconf 84' lang='lat' dir='ltr'><strong>inserenda</strong></span> 
     </span>
     <span class='ocr_line' id='line_1_22' title="bbox 265 2623 1389 2714; baseline -0.002 -24"><span class='ocrx_word' id='word_1_169' title='bbox 265 2623 500 2712; x_wconf 85' lang='grc' dir='ltr'><em>ποικιλάτερον</em></span> <span class='ocrx_word' id='word_1_170' title='bbox 532 2628 585 2693; x_wconf 88' lang='lat' dir='ltr'><em>vel</em></span> <span class='ocrx_word' id='word_1_171' title='bbox 622 2624 898 2714; x_wconf 87' lang='grc' dir='ltr'><em>πανουργότερον</em></span> <span class='ocrx_word' id='word_1_172' title='bbox 929 2626 1035 2692; x_wconf 87' lang='lat' dir='ltr'><strong>minus</strong></span> <span class='ocrx_word' id='word_1_173' title='bbox 1067 2627 1178 2712; x_wconf 89' lang='lat' dir='ltr'><strong>probo.</strong></span> <span class='ocrx_word' id='word_1_174' title='bbox 1224 2623 1389 2709; x_wconf 84' lang='lat' dir='ltr'><strong>Dionysius</strong></span> 
     </span>
     <span class='ocr_line' id='line_1_23' title="bbox 265 2721 1391 2819; baseline -0.004 -24"><span class='ocrx_word' id='word_1_175' title='bbox 265 2728 407 2814; x_wconf 80' lang='lat' dir='ltr'><strong>scripsit:</strong></span> <span class='ocrx_word' id='word_1_176' title='bbox 434 2721 518 2815; x_wconf 80' lang='grc' dir='ltr'><em>παρ’</em></span> <span class='ocrx_word' id='word_1_177' title='bbox 533 2723 645 2814; x_wconf 82' lang='grc' dir='ltr'><em>Ἰσαίῳ</em></span> <span class='ocrx_word' id='word_1_178' title='bbox 670 2727 705 2794; x_wconf 79' lang='grc' dir='ltr'><em>δὲ</em></span> <span class='ocrx_word' id='word_1_179' title='bbox 722 2723 1069 2819; x_wconf 76' lang='grc' dir='ltr'><em>(ἀκριβέστερον)</em></span> <span class='ocrx_word' id='word_1_180' title='bbox 1085 2729 1142 2794; x_wconf 82' lang='grc' dir='ltr'><em>καὶ</em></span> <span class='ocrx_word' id='word_1_181' title='bbox 1164 2725 1391 2810; x_wconf 85' lang='grc' dir='ltr'><em>τεχνικώτερον</em></span> 
     </span>
     <span class='ocr_line' id='line_1_24' title="bbox 267 2823 1386 2920; baseline -0.005 -24"><span class='ocrx_word' id='word_1_182' title='bbox 267 2825 325 2918; x_wconf 75' lang='grc' dir='ltr'><em>ἤδη</em></span> <span class='ocrx_word' id='word_1_183' title='bbox 349 2828 509 2916; x_wconf 90' lang='grc' dir='ltr'><em>γινόμενα</em></span> <span class='ocrx_word' id='word_1_184' title='bbox 532 2838 637 2898; x_wconf 85' lang='grc' dir='ltr'><em>ταῦτα</em></span> <span class='ocrx_word' id='word_1_185' title='bbox 668 2823 817 2920; x_wconf 70' lang='grc' dir='ltr'><em>εὑρήσει,</em></span> <span class='ocrx_word' id='word_1_186' title='bbox 850 2832 892 2898; x_wconf 82' lang='lat' dir='ltr'><em>of.</em></span> <span class='ocrx_word' id='word_1_187' title='bbox 916 2831 1003 2898; x_wconf 83' lang='lat' dir='ltr'><strong>Isael</strong></span> <span class='ocrx_word' id='word_1_188' title='bbox 1025 2831 1125 2897; x_wconf 88' lang='lat' dir='ltr'><strong>vitam</strong></span> <span class='ocrx_word' id='word_1_189' title='bbox 1148 2851 1203 2917; x_wconf 90' lang='lat' dir='ltr'><strong>ap.</strong></span> <span class='ocrx_word' id='word_1_190' title='bbox 1228 2829 1386 2897; x_wconf 80' lang='lat' dir='ltr'><strong>Westarm.</strong></span> 
     </span>
     <span class='ocr_line' id='line_1_25' title="bbox 265 2931 1388 3020; baseline -0.004 -20"><span class='ocrx_word' id='word_1_191' title='bbox 265 2934 366 3020; x_wconf 84' lang='lat' dir='ltr'><strong>biogr.</strong></span> <span class='ocrx_word' id='word_1_192' title='bbox 392 2953 424 3020; x_wconf 92' lang='lat' dir='ltr'><em>p.</em></span> <span class='ocrx_word' id='word_1_193' title='bbox 443 2937 534 3000; x_wconf 73' lang='lat' dir='ltr'><strong>illias</strong></span> <span class='ocrx_word' id='word_1_194' title='bbox 557 2935 590 3000; x_wconf 90' lang='lat' dir='ltr'><strong>in</strong></span> <span class='ocrx_word' id='word_1_195' title='bbox 611 2955 650 3001; x_wconf 90' lang='lat' dir='ltr'><strong>ea</strong></span> <span class='ocrx_word' id='word_1_196' title='bbox 664 2935 705 3002; x_wconf 90' lang='lat' dir='ltr'><em>de</em></span> <span class='ocrx_word' id='word_1_197' title='bbox 719 2955 783 3019; x_wconf 89' lang='lat' dir='ltr'><strong>qua</strong></span> <span class='ocrx_word' id='word_1_198' title='bbox 805 2933 913 3019; x_wconf 84' lang='lat' dir='ltr'><strong>agitur</strong></span> <span class='ocrx_word' id='word_1_199' title='bbox 933 2939 1026 3020; x_wconf 88' lang='lat' dir='ltr'><strong>parte</strong></span> <span class='ocrx_word' id='word_1_200' title='bbox 1046 2953 1065 3000; x_wconf 93' lang='lat' dir='ltr'>e</span> <span class='ocrx_word' id='word_1_201' title='bbox 1081 2931 1238 3018; x_wconf 88' lang='lat' dir='ltr'><strong>Dionyio</strong></span> <span class='ocrx_word' id='word_1_202' title='bbox 1252 2933 1388 2998; x_wconf 89' lang='lat' dir='ltr'><strong>haustam</strong></span> 
     </span>
     <span class='ocr_line' id='line_1_26' title="bbox 268 3027 1391 3126; baseline -0.002 -25"><span class='ocrx_word' id='word_1_203' title='bbox 268 3033 363 3122; x_wconf 88' lang='grc' dir='ltr'><em>παρά</em></span> <span class='ocrx_word' id='word_1_204' title='bbox 382 3040 500 3123; x_wconf 83' lang='grc' dir='ltr'><em>Λυσίᾳ</em></span> <span class='ocrx_word' id='word_1_205' title='bbox 522 3037 585 3121; x_wconf 80' lang='grc' dir='ltr'><em>μὲν</em></span> <span class='ocrx_word' id='word_1_206' title='bbox 607 3031 647 3102; x_wconf 85' lang='grc' dir='ltr'><em>σά</em></span> <span class='ocrx_word' id='word_1_207' title='bbox 669 3034 799 3124; x_wconf 78' lang='grc' dir='ltr'><em>πολλὴν</em></span> <span class='ocrx_word' id='word_1_208' title='bbox 828 3034 889 3126; x_wconf 74' lang='grc' dir='ltr'><em>τὴν</em></span> <span class='ocrx_word' id='word_1_209' title='bbox 910 3041 1030 3125; x_wconf 80' lang='grc' dir='ltr'><em>τέχνην</em></span> <span class='ocrx_word' id='word_1_210' title='bbox 1057 3029 1244 3124; x_wconf 79' lang='grc' dir='ltr'><em>εὑρήσομεν</em></span> <span class='ocrx_word' id='word_1_211' title='bbox 1273 3027 1343 3102; x_wconf 76' lang='grc' dir='ltr'><em>οὔτ’</em></span> <span class='ocrx_word' id='word_1_212' title='bbox 1360 3029 1391 3098; x_wconf 81' lang='grc' dir='ltr'><em>ἐν</em></span> 
     </span>
     <span class='ocr_line' id='line_1_27' title="bbox 266 3134 1390 3226; baseline -0.001 -23"><span class='ocrx_word' id='word_1_213' title='bbox 266 3152 337 3216; x_wconf 84' lang='grc' dir='ltr'><em>τοῖς</em></span> <span class='ocrx_word' id='word_1_214' title='bbox 360 3151 536 3226; x_wconf 88' lang='grc' dir='ltr'><em>μερισμοῖς</em></span> <span class='ocrx_word' id='word_1_215' title='bbox 559 3147 624 3206; x_wconf 74' lang='grc' dir='ltr'><em>τῶν</em></span> <span class='ocrx_word' id='word_1_216' title='bbox 646 3138 857 3226; x_wconf 87' lang='grc' dir='ltr'><em>πραγμάτων</em></span> <span class='ocrx_word' id='word_1_217' title='bbox 880 3134 952 3207; x_wconf 73' lang='grc' dir='ltr'><em>οὔτ’</em></span> <span class='ocrx_word' id='word_1_218' title='bbox 972 3138 1008 3206; x_wconf 83' lang='grc' dir='ltr'><em>ἐν</em></span> <span class='ocrx_word' id='word_1_219' title='bbox 1030 3147 1068 3225; x_wconf 71' lang='grc' dir='ltr'><em>τῇ</em></span> <span class='ocrx_word' id='word_1_220' title='bbox 1091 3137 1185 3219; x_wconf 85' lang='grc' dir='ltr'><em>τάξει</em></span> <span class='ocrx_word' id='word_1_221' title='bbox 1206 3145 1273 3206; x_wconf 80' lang='grc' dir='ltr'><em>τῶν</em></span> <span class='ocrx_word' id='word_1_222' title='bbox 1298 3135 1390 3204; x_wconf 67' lang='grc' dir='ltr'><em>ἐνθυ-</em></span> 
     </span>
     <span class='ocr_line' id='line_1_28' title="bbox 268 3236 1390 3331; baseline -0.004 -24"><span class='ocrx_word' id='word_1_223' title='bbox 268 3240 446 3330; x_wconf 87' lang='grc' dir='ltr'><em>μημάτων,</em></span> <span class='ocrx_word' id='word_1_224' title='bbox 478 3239 575 3329; x_wconf 84' lang='grc' dir='ltr'><em>παρὰ</em></span> <span class='ocrx_word' id='word_1_225' title='bbox 597 3237 626 3308; x_wconf 75' lang='grc' dir='ltr'><em>δ’</em></span> <span class='ocrx_word' id='word_1_226' title='bbox 647 3237 761 3330; x_wconf 83' lang='grc' dir='ltr'><em>Ἰσαίῳ</em></span> <span class='ocrx_word' id='word_1_227' title='bbox 790 3240 923 3330; x_wconf 81' lang='grc' dir='ltr'><em>πολλὴ</em></span> <span class='ocrx_word' id='word_1_228' title='bbox 953 3251 1024 3331; x_wconf 83' lang='grc' dir='ltr'><em>τῆς</em></span> <span class='ocrx_word' id='word_1_229' title='bbox 1054 3248 1204 3330; x_wconf 87' lang='grc' dir='ltr'><em>τίχνης</em></span> <span class='ocrx_word' id='word_1_230' title='bbox 1231 3237 1251 3330; x_wconf 76' lang='grc' dir='ltr'><em>ἡ</em></span> <span class='ocrx_word' id='word_1_231' title='bbox 1280 3236 1390 3326; x_wconf 86' lang='grc' dir='ltr'><em>άκρί-</em></span> 
     </span>
     <span class='ocr_line' id='line_1_29' title="bbox 267 3339 1391 3433; baseline -0.004 -21"><span class='ocrx_word' id='word_1_232' title='bbox 267 3351 379 3428; x_wconf 52' lang='lat' dir='ltr'><strong>parom</strong></span> <span class='ocrx_word' id='word_1_233' title='bbox 405 3346 446 3413; x_wconf 87' lang='lat' dir='ltr'><em>de</em></span> <span class='ocrx_word' id='word_1_234' title='bbox 462 3347 555 3414; x_wconf 84' lang='lat' dir='ltr'><strong>Isaeo</strong></span> <span class='ocrx_word' id='word_1_235' title='bbox 570 3346 667 3413; x_wconf 87' lang='lat' dir='ltr'><strong>ludio.</strong></span> <span class='ocrx_word' id='word_1_236' title='bbox 689 3365 720 3431; x_wconf 91' lang='lat' dir='ltr'><em>p.</em></span> <span class='ocrx_word' id='word_1_237' title='bbox 737 3349 813 3412; x_wconf 79' lang='lat'>5901</span> <span class='ocrx_word' id='word_1_238' title='bbox 837 3339 909 3433; x_wconf 79' lang='grc' dir='ltr'><em>ἡδὲ</em></span> <span class='ocrx_word' id='word_1_239' title='bbox 922 3340 1049 3412; x_wconf 87' lang='grc' dir='ltr'><em>Ἰσαίου</em></span> <span class='ocrx_word' id='word_1_240' title='bbox 1068 3350 1122 3430; x_wconf 83' lang='lat' dir='ltr'><strong>(so.</strong></span> <span class='ocrx_word' id='word_1_241' title='bbox 1141 3345 1240 3431; x_wconf 80' lang='grc' dir='ltr'><em>λέξις)</em></span> <span class='ocrx_word' id='word_1_242' title='bbox 1266 3367 1391 3427; x_wconf 82' lang='grc' dir='ltr'><em>τεχνι-</em></span> 
     </span>
     <span class='ocr_line' id='line_1_30' title="bbox 268 3443 1390 3536; baseline -0.004 -22"><span class='ocrx_word' id='word_1_243' title='bbox 268 3453 431 3536; x_wconf 87' lang='grc' dir='ltr'><em>κωτέρα</em></span> <span class='ocrx_word' id='word_1_244' title='bbox 456 3443 648 3528; x_wconf 83' lang='grc' dir='ltr'><em>ἐόξειενάν</em></span> <span class='ocrx_word' id='word_1_245' title='bbox 671 3444 838 3515; x_wconf 80' lang='grc' dir='ltr'><em>εἶναικαὶ</em></span> <span class='ocrx_word' id='word_1_246' title='bbox 861 3443 1150 3536; x_wconf 77' lang='grc' dir='ltr'><em>ἀκριβεστέρα</em></span> <span class='ocrx_word' id='word_1_247' title='bbox 1170 3456 1230 3536; x_wconf 79' lang='grc' dir='ltr'><em>τῆς</em></span> <span class='ocrx_word' id='word_1_248' title='bbox 1252 3451 1390 3515; x_wconf 87' lang='grc' dir='ltr'><em>Λυσίου.</em></span> 
     </span>
    </p>
   </div>
   <div class='ocr_carea' id='block_1_5' title="bbox 269 3565 1394 4072">
    <p class='ocr_par' dir='ltr' id='par_1_7' title="bbox 269 3565 1394 4072">
     <span class='ocr_line' id='line_1_31' title="bbox 353 3565 1392 3656; baseline -0.005 -22"><span class='ocrx_word' id='word_1_249' title='bbox 353 3589 386 3656; x_wconf 91' lang='lat' dir='ltr'><em>p.</em></span> <span class='ocrx_word' id='word_1_250' title='bbox 406 3573 512 3636; x_wconf 74' lang='lat' dir='ltr'><strong>oseas</strong></span> <span class='ocrx_word' id='word_1_251' title='bbox 534 3575 650 3656; x_wconf 85' lang='grc' dir='ltr'><em>Μέχρι</em></span> <span class='ocrx_word' id='word_1_252' title='bbox 672 3570 803 3637; x_wconf 82' lang='grc' dir='ltr'><em>πολλοῦ</em></span> <span class='ocrx_word' id='word_1_253' title='bbox 824 3567 969 3656; x_wconf 90' lang='grc' dir='ltr'><em>προάγει</em></span> <span class='ocrx_word' id='word_1_254' title='bbox 991 3567 1051 3647; x_wconf 88' lang='grc' dir='ltr'><em>τάς</em></span> <span class='ocrx_word' id='word_1_255' title='bbox 1073 3577 1139 3636; x_wconf 82' lang='grc' dir='ltr'><em>τῶν</em></span> <span class='ocrx_word' id='word_1_256' title='bbox 1155 3565 1392 3656; x_wconf 76' lang='grc' dir='ltr'><em>ἐγχειρημάτων</em></span> 
     </span>
     <span class='ocr_line' id='line_1_32' title="bbox 269 3671 1388 3761; baseline -0.005 -21"><span class='ocrx_word' id='word_1_257' title='bbox 269 3672 476 3761; x_wconf 77' lang='grc' dir='ltr'><em>ἐξεργασίας.</em></span> <span class='ocrx_word' id='word_1_258' title='bbox 516 3673 685 3741; x_wconf 74' lang='lat' dir='ltr'><strong>Reaombas</strong></span> <span class='ocrx_word' id='word_1_259' title='bbox 701 3691 811 3740; x_wconf 81' lang='lat' dir='ltr'><strong>vooem</strong></span> <span class='ocrx_word' id='word_1_260' title='bbox 827 3673 1012 3741; x_wconf 82' lang='lat' dir='ltr'><strong>sollemnem</strong></span> <span class='ocrx_word' id='word_1_261' title='bbox 1036 3671 1388 3760; x_wconf 69' lang='grc' dir='ltr'><em>ἐπιχειρημάτων</em></span> 
     </span>
     <span class='ocr_line' id='line_1_33' title="bbox 269 3773 1394 3865; baseline -0.011 -19"><span class='ocrx_word' id='word_1_262' title='bbox 269 3778 310 3846; x_wconf 81' lang='lat' dir='ltr'><em>of.</em></span> <span class='ocrx_word' id='word_1_263' title='bbox 336 3797 365 3844; x_wconf 89' lang='lat' dir='ltr'><em>e.</em></span> <span class='ocrx_word' id='word_1_264' title='bbox 390 3797 424 3862; x_wconf 83' lang='lat' dir='ltr'><em>g.</em></span> <span class='ocrx_word' id='word_1_265' title='bbox 448 3797 481 3863; x_wconf 90' lang='lat' dir='ltr'><em>p.</em></span> <span class='ocrx_word' id='word_1_266' title='bbox 505 3777 582 3843; x_wconf 64' lang='lat'>487³</span> <span class='ocrx_word' id='word_1_267' title='bbox 616 3777 696 3864; x_wconf 81' lang='grc' dir='ltr'><em>περὶ</em></span> <span class='ocrx_word' id='word_1_268' title='bbox 723 3775 784 3855; x_wconf 84' lang='grc' dir='ltr'><em>τὰς</em></span> <span class='ocrx_word' id='word_1_269' title='bbox 814 3775 1009 3865; x_wconf 76' lang='grc' dir='ltr'><em>ἐξεργασίας</em></span> <span class='ocrx_word' id='word_1_270' title='bbox 1039 3782 1105 3843; x_wconf 82' lang='grc' dir='ltr'><em>των</em></span> <span class='ocrx_word' id='word_1_271' title='bbox 1134 3773 1394 3863; x_wconf 83' lang='grc' dir='ltr'><em>ἐπιχειρημάτων</em></span> 
     </span>
     <span class='ocr_line' id='line_1_34' title="bbox 270 3877 1391 3970; baseline -0.01 -22"><span class='ocrx_word' id='word_1_272' title='bbox 270 3878 397 3970; x_wconf 75' lang='grc' dir='ltr'><em>άῳελὴς</em></span> <span class='ocrx_word' id='word_1_273' title='bbox 419 3903 480 3958; x_wconf 90' lang='grc' dir='ltr'><em>τις.</em></span> <span class='ocrx_word' id='word_1_274' title='bbox 529 3881 619 3946; x_wconf 72' lang='lat' dir='ltr'><strong>otoo</strong></span> <span class='ocrx_word' id='word_1_275' title='bbox 642 3877 729 3946; x_wconf 82' lang='grc' dir='ltr'><em>κατὰ</em></span> <span class='ocrx_word' id='word_1_276' title='bbox 753 3879 789 3946; x_wconf 79' lang='grc' dir='ltr'><em>δὲ</em></span> <span class='ocrx_word' id='word_1_277' title='bbox 812 3878 872 3968; x_wconf 81' lang='grc' dir='ltr'><em>την</em></span> <span class='ocrx_word' id='word_1_278' title='bbox 895 3879 1092 3964; x_wconf 78' lang='grc' dir='ltr'><em>οἰκονομίαν</em></span> <span class='ocrx_word' id='word_1_279' title='bbox 1111 3881 1165 3964; x_wconf 77' lang='lat' dir='ltr'><strong>(se.</strong></span> <span class='ocrx_word' id='word_1_280' title='bbox 1182 3879 1339 3959; x_wconf 73' lang='lat' dir='ltr'><strong>leimarus]</strong></span> <span class='ocrx_word' id='word_1_281' title='bbox 1359 3877 1391 3957; x_wconf 73' lang='grc' dir='ltr'><em>τῇ</em></span> 
     </span>
     <span class='ocr_line' id='line_1_35' title="bbox 269 3981 1160 4072; baseline -0.002 -23"><span class='ocrx_word' id='word_1_282' title='bbox 269 3983 361 4065; x_wconf 84' lang='grc' dir='ltr'><em>τάξει</em></span> <span class='ocrx_word' id='word_1_283' title='bbox 383 3985 439 4049; x_wconf 79' lang='grc' dir='ltr'><em>καὶ</em></span> <span class='ocrx_word' id='word_1_284' title='bbox 461 3995 536 4060; x_wconf 86' lang='grc' dir='ltr'><em>ταῖς</em></span> <span class='ocrx_word' id='word_1_285' title='bbox 560 3981 769 4070; x_wconf 85' lang='grc' dir='ltr'><em>ἐξεργασίαις</em></span> <span class='ocrx_word' id='word_1_286' title='bbox 791 3989 859 4050; x_wconf 81' lang='grc' dir='ltr'><em>τιῖιν</em></span> <span class='ocrx_word' id='word_1_287' title='bbox 881 3981 1160 4072; x_wconf 86' lang='grc' dir='ltr'><em>ἐπιχειρημάτων.</em></span> 
     </span>
    </p>
   </div>
   <div class='ocr_carea' id='block_1_6' title="bbox 272 4203 1393 4363">
    <p class='ocr_par' dir='ltr' id='par_1_8' title="bbox 272 4203 1393 4363">
     <span class='ocr_line' id='line_1_36' title="bbox 341 4203 1393 4274; baseline -0.01 -12"><span class='ocrx_word' id='word_1_288' title='bbox 341 4209 356 4271; x_wconf 66' lang='lat'><em>¹)</em></span> <span class='ocrx_word' id='word_1_289' title='bbox 385 4203 565 4272; x_wconf 77' lang='lat' dir='ltr'><strong>„Gesohlohta</strong></span> <span class='ocrx_word' id='word_1_290' title='bbox 590 4205 639 4262; x_wconf 85' lang='lat' dir='ltr'><em>der</em></span> <span class='ocrx_word' id='word_1_291' title='bbox 663 4207 799 4262; x_wconf 83' lang='lat' dir='ltr'><strong>attiaehen</strong></span> <span class='ocrx_word' id='word_1_292' title='bbox 818 4205 1042 4262; x_wconf 72' lang='lat' dir='ltr'><strong>Beredsamkeit‘</strong></span> <span class='ocrx_word' id='word_1_293' title='bbox 1063 4207 1091 4262; x_wconf 91' lang='lat' dir='ltr'><em>II</em></span> <span class='ocrx_word' id='word_1_294' title='bbox 1110 4209 1172 4259; x_wconf 73' lang='lat' dir='ltr'><strong>lats</strong></span> <span class='ocrx_word' id='word_1_295' title='bbox 1202 4211 1213 4274; x_wconf 76' lang='grc' dir='ltr'><em>η</em></span> <span class='ocrx_word' id='word_1_296' title='bbox 1241 4205 1334 4272; x_wconf 62' lang='lat' dir='ltr'><strong>’prote</strong></span> <span class='ocrx_word' id='word_1_297' title='bbox 1349 4213 1393 4254; x_wconf 84' lang='grc' dir='ltr'><em>ιε·</em></span> 
     </span>
     <span class='ocr_line' id='line_1_37' title="bbox 272 4291 1141 4363; baseline -0.002 -17"><span class='ocrx_word' id='word_1_298' title='bbox 272 4291 348 4346; x_wconf 80' lang='lat' dir='ltr'><strong>cedit</strong></span> <span class='ocrx_word' id='word_1_299' title='bbox 366 4307 399 4345; x_wconf 84' lang='lat' dir='ltr'><em>ex</em></span> <span class='ocrx_word' id='word_1_300' title='bbox 419 4291 481 4346; x_wconf 82' lang='lat' dir='ltr'><strong>vita</strong></span> <span class='ocrx_word' id='word_1_301' title='bbox 496 4291 569 4349; x_wconf 83' lang='lat' dir='ltr'><strong>Iaaai</strong></span> <span class='ocrx_word' id='word_1_302' title='bbox 588 4307 632 4360; x_wconf 88' lang='lat' dir='ltr'><strong>ap.</strong></span> <span class='ocrx_word' id='word_1_303' title='bbox 648 4291 796 4348; x_wconf 85' lang='lat' dir='ltr'><strong>Westerm.</strong></span> <span class='ocrx_word' id='word_1_304' title='bbox 816 4292 905 4362; x_wconf 77' lang='lat' dir='ltr'><strong>biogr.</strong></span> <span class='ocrx_word' id='word_1_305' title='bbox 926 4310 953 4363; x_wconf 84' lang='lat' dir='ltr'><em>p.</em></span> <span class='ocrx_word' id='word_1_306' title='bbox 969 4293 1062 4346; x_wconf 74' lang='lat' dir='ltr'><strong>totto.</strong></span> <span class='ocrx_word' id='word_1_307' title='bbox 1136 4352 1141 4360; x_wconf 46' lang='lat'>‚</span> 
     </span>
    </p>
   </div>
   <div class='ocr_carea' id='block_1_7' title="bbox 0 0 1506 4884">
    <p class='ocr_par' dir='ltr' id='par_1_9' title="bbox 0 0 1506 4884">
     <span class='ocr_line' id='line_1_38' title="bbox 0 0 1506 4884; baseline 0 0"><span class='ocrx_word' id='word_1_308' title='bbox 0 0 1506 4884; x_wconf 95' lang='lat' dir='ltr'><em> </em></span> 
     </span>
    </p>
   </div>
  </div>
 </body>
</html>
