3008 4884
279 357 320 416 oo
713 390 757 400 -
803 355 888 436 [ros]
948 389 980 399 -

365 542 516 624 Roqoadr'
536 541 678 624 verbum,
706 541 759 606 ubi
777 560 818 606 ex
832 559 870 606 eo
886 539 1026 624 pandent
1040 539 1103 606 duo
1119 540 1257 616 obiecta,
1281 540 1412 605 alterum

183 720 187 728 ¹
278 661 434 727 personae
456 645 592 710 altarum
608 643 665 723 rei,
691 643 894 726 coniungitur
909 662 981 709 cum
1001 642 1122 727 duplici
1137 641 1322 708 accusativo
1338 650 1409 710 tnm.

280 765 353 810 cum
375 765 425 811 res
455 746 579 829 prolato
608 753 658 812 est
685 765 803 830 genere
832 753 944 812 neutro
975 745 1171 831 pronominis
1198 745 1339 811 alicuius
1366 747 1414 811 rel

280 847 449 912 adiectivi:
475 848 595 930 alioqui
619 848 730 933 optimi
753 848 925 933 scriptores
948 855 1084 933 excepta
1105 868 1168 913 nna
1189 848 1350 914 locutione
1366 871 1414 911 ro-

277 973 355 1034 qcre
377 951 514 1034 aliquem
536 951 721 1016 sententiam
744 951 852 1018 dicere
875 952 980 1018 solent
1002 957 1058 1017 aut
1079 972 1193 1034 roqore
1221 951 1358 1034 aliquem
1380 953 1414 1014 de

279 1054 387 1137 aliqua
408 1076 443 1118 re
465 1061 521 1119 aut
543 1054 700 1118 similiter.
748 1057 790 1120 At
812 1054 1000 1120 Cornificius
1023 1055 1069 1120 ait
1097 1076 1211 1138 roqare
1233 1055 1358 1138 alr'qra'd
1377 1057 1413 1117 cl

279 1155 386 1240 aliquo
409 1157 463 1232 lv,
490 1161 542 1238 50,
561 1159 619 1221 63:
645 1165 737 1221 ut-
753 1159 791 1220 ab
814 1157 967 1220 aramme
990 1165 1119 1241 roqetur
1142 1155 1317 1240 Aethiop35
1341 1156 1413 1222 item

280 1258 361 1323 Sall.
388 1260 456 1342 lug.
484 1263 575 1342 64,1
612 1261 652 1322 cd
675 1261 805 1324 Metello
828 1297 869 1306 —-
892 1259 1068 1323 messionem
1096 1267 1198 1342 νομαὶ.
1246 1258 1296 1324 Cf.
1324 1259 1415 1324 Anti-

280 1361 370 1426 barb.
396 1367 586 1446 pug.1030.

368 1465 558 1549 Prosocero
580 1464 717 1549 aliquem
740 1466 918 1528 boccacium
945 1463 1039 1548 (quod
1061 1464 1254 1530 adiectivum
1278 1465 1415 1547 exempli

279 1566 385 1648 gratia
406 1568 510 1651 posui,
537 1569 589 1632 vel
612 1569 742 1632 reddere
764 1567 902 1652 cir-'quem
925 1567 1116 1648 braccolum,
1142 1566 1258 1648 quibus
1281 1566 1416 1632 locutio

280 1669 374 1735 nibus
396 1670 429 1735 in
451 1670 680 1754 posterioribus
703 1671 793 1736 libris
813 1669 912 1736 utitur
926 1669 1049 1752 Cicero,
1075 1670 1108 1735 in
1130 1669 1219 1734 libris
1241 1668 1283 1734 de
1305 1669 1417 1735 inrec-

280 1772 367 1837 tione
389 1773 439 1839 bis
461 1772 544 1838 dixit
566 1774 715 1858 corytoere
736 1773 873 1858 aliquem
903 1773 1082 1837 braccolum
1112 1781 1170 1836 etc.
1195 1773 1222 1851 Ι,
1251 1778 1301 1849 15,
1323 1775 1363 1835 20
1392 1775 1420 1835 ri

280 1897 351 1940 eom
381 1877 558 1940 torocolum
591 1885 745 1942 attentum
773 1876 903 1940 docilem
930 1876 1100 1962 confecerit
1133 1874 1336 1957 [Cornificius
1366 1876 1417 1940 nbi

280 1978 321 2044 de
344 1979 455 2045 eadem
480 1999 514 2044 re
536 1980 676 2062 loquitur
690 1980 715 2052 Ι,
736 1985 767 2052 4,
786 1983 815 2054 7,
842 1979 933 2045 dicit:
955 1978 1149 2062 praecipuum
1165 1987 1295 2042 osteum
1310 1980 1417 2042 statim

280 2081 419 2144 animam
440 2082 596 2147 auditoris
618 2082 708 2146 nodia
729 2081 873 2146 idoneam
895 2082 1055 2146 reddimus
1081 2083 1126 2144 cd
1152 2081 1360 2153 ordiendam,
1387 2088 1418 2146 et

281 2185 378 2266 paulo
399 2183 500 2249 infra:
533 2185 582 2248 sire
604 2184 720 2248 barnilo
741 2207 839 2267 persus
860 2185 920 2248 erit
942 2205 1069 2260 musae,
1102 2183 1290 2264 (creditores)
1311 2184 1416 2264 forie-

280 2308 348 2350 mus
370 2291 514 2365 attentosl
542 2288 620 2366 etl,
648 2292 700 2368 55,
723 2291 783 2354 106
806 2289 945 2352 acimum
967 2286 1121 2350 auditorio
1143 2286 1250 2350 mitem
1272 2295 1303 2349 et
1325 2286 1417 2349 mrte-

280 2389 433 2453 rr'rordcm
449 2391 597 2473 corytcere
619 2398 752 2472 oportet.
793 2390 938 2456 Poteram
962 2389 1014 2454 vel
1037 2387 1191 2455 debebam
1216 2387 1302 2453 hunc
1324 2407 1414 2452 usum

280 2491 429 2575 eorpieere
459 2492 547 2558 verbi
575 2512 673 2576 supra
699 2513 733 2577 p.
754 2496 793 2556 10
821 2511 893 2557 cum
920 2491 960 2556 iis
989 2491 1096 2556 verbis
1125 2490 1310 2576 compositis
1339 2511 1414 2556 con·

280 2594 423 2678 iungere,
450 2615 533 2677 quae
556 2615 613 2678 pro
637 2595 837 2678 simplicibus
860 2601 1065 2678 usurpantur.

367 2699 533 2781 Pergimus
557 2697 599 2762 ad
622 2697 824 2763 accusativos
854 2697 975 2780 aliquot
997 2715 1076 2780 qnos
1100 2705 1215 2762 vocant
1237 2698 1408 2762 absolutos.

281 2803 336 2884 qui
360 2813 439 2868 cum·
455 2802 558 2885 magis
580 2801 732 2867 cotidiani
756 2800 911 2866 sermonis
934 2819 1007 2866 esse
1029 2799 1224 2876 viderentur,
1250 2801 1285 2866 in
1299 2820 1411 2866 aureae

281 2905 396 2970 aetatis
426 2904 615 2987 scriptorum
646 2923 738 2970 usum
767 2904 869 2969 rarius
900 2910 975 2969 sunt
1003 2904 1122 2988 recepti
1156 2904 1206 2986 [of.
1237 2903 1409 2987 Draegerl

280 3008 360 3091 §tt
407 3007 447 3071 Hi
471 3007 555 3072 enim
578 3007 736 3073 eiusmodi
758 3006 969 3082 accusativos,
997 3025 1067 3070 cum
1084 3025 1147 3072 non
1163 3005 1244 3072 satis
1260 3005 1409 3090 quadrare

280 3111 465 3175 viderentur
486 3109 528 3174 ad
544 3110 821 3193 grammaticomm
838 3114 1022 3192 praecepta,
1048 3109 1237 3192 plerumque
1256 3107 1407 3194 aspernati

282 3219 371 3279 sunt:
409 3218 595 3278 manserunt
628 3219 737 3278 tamen
773 3229 895 3295 paucae
929 3209 1104 3287 formulae,
1140 3212 1230 3278 velut
1259 3232 1402 3296 moqrrnm

281 3316 449 3380 marimum
471 3324 614 3398 partem,
642 3313 772 3380 similia.
819 3313 920 3379 Nobis
948 3313 1097 3397 inprimis
1122 3314 1283 3397 agendum
1306 3323 1350 3380 est
1369 3312 1405 3376 de

280 3419 338 3481 boo
359 3441 467 3502 qenes,
492 3419 530 3482 r’d
546 3441 655 3502 qartus,
682 3439 770 3481 omae
783 3438 896 3502 pertua:
922 3415 1037 3498 quibus
1060 3415 1273 3483 locutionibus
1295 3417 1403 3502 primus

281 3520 408 3586 ¹uidetur
427 3540 505 3587 usus
527 3539 599 3587 esse
623 3522 703 3587 Oato
726 3541 752 3584 r.
778 3540 803 3584 r.
831 3520 860 3598 8,
881 3521 900 3582 2
928 3517 1054 3582 hortum
1077 3539 1165 3582 omne
1185 3543 1297 3603 penas,
1326 3501 1403 3581 cord

283 3631 429 3688 ramenta
452 3644 540 3686 omae
559 3645 668 3706 qenes.
709 3621 805 3707 Apud
821 3622 968 3686 Plautum
992 3621 1077 3686 enirn
1100 3627 1133 3686 et
1154 3629 1279 3688 ceteros
1295 3622 1402 3688 Catone

280 3725 477 3808 antiquiores
499 3727 670 3810 scriptores
698 3744 855 3808 nusquam
885 3724 969 3789 hnnc
998 3723 1152 3806 loquendi
1180 3745 1272 3791 usum
1299 3725 1399 3808 depre-

281 3827 388 3906 hendi.
416 3829 512 3893 immo
527 3828 662 3894 Plautus
685 3827 767 3892 dixit
783 3827 873 3892 liin.
892 3829 922 3906 2.
942 3829 972 3908 2,
994 3829 1032 3890 13
1055 3827 1100 3890 cd
1120 3827 1177 3890 loc
1198 3849 1294 3912 qoam
1313 3823 1398 3889 lomi-

281 3953 378 3995 num.
419 3935 647 4015 2‚t,140sq.
677 3951 777 4015 perros
806 3931 951 4014 qaod—
979 3927 1164 3994 dominam.
1206 3923 1400 4004 tauta

278 4054 377 4117 pecus
392 4033 581 4096 hominum.
614 4035 712 4099 Poen.
728 4037 758 4112 4,
770 4035 802 4113 2,
815 4035 833 4094 9
850 4031 980 4115 quodvis
991 4051 1092 4115 qenes
1105 4069 1141 4080 —
1160 4032 1330 4096 dominum
1343 4035 1391 4094 eto.

280 4135 356 4200 Post
371 4135 524 4201 Catonem
546 4135 583 4199 id
601 4157 697 4220 penos
720 4141 780 4201 etc.
806 4134 951 4199 absolute
975 4141 1149 4218 posuerunt
1167 4135 1331 4220 scriptores
1349 4127 1390 4194 bi:

281 4235 381 4298 Lucil.
408 4237 472 4314 XI,
500 4243 518 4298 5
549 4257 624 4321 pag.
651 4242 692 4301 56
715 4237 747 4301 Μ
775 4236 811 4298 r'd
835 4238 924 4319 qerru'
955 4237 1065 4300 rudus.
1112 4237 1194 4322 XX,
1229 4241 1337 4322 3pag.
1359 4234 1392 4291 75
