3048 4898
268 329 311 394 ιι
715 369 757 377 -
803 329 877 412 [rs]
924 369 965 378 -

218 547 221 552 ·
268 524 386 589 eisdem
413 523 480 589 fere
507 525 612 592 verbis
639 525 826 590 sententiam
839 525 1041 590 vcontrariam
1066 525 1259 610 exprimunt,
1286 527 1420 608 quade

267 652 362 696 causa
393 631 506 696 variati
540 632 617 708 sint,
654 633 832 715 perspicere
864 634 1045 714 nequimus
1081 632 1275 716 insequentis
1305 639 1421 698 autem

267 736 396 801 distichi
419 735 783 803 59.60=1113.1114
806 737 900 803 lectio
925 738 1022 822 digna
1044 744 1105 814 est,
1132 759 1213 822 quse
1234 739 1421 804 accmatius

268 844 473 908 examinetur.
529 843 580 909 Ibi
607 844 693 927 quod
720 844 837 926 legitur
863 843 897 908 in
924 866 951 908 v.
975 845 1017 908 59
1047 835 1420 930 ἀπατῶσιν-γελῶντες

268 955 300 1014 et
323 951 354 1014 in
377 973 405 1014 v.
432 949 516 1015 1113
541 942 923 1035 ἀπατῶντες-γελῶσιν,
952 950 1082 1016 librario
1111 951 1284 1017 tribuerim.
1332 953 1421 1018 Utut

267 1078 317 1122 res
345 1056 512 1134 sehabet,
539 1058 672 1121 alteram
699 1057 866 1123 lectionem
895 1048 1261 1142 ἀπατῶντες-γελῶσιν
1287 1059 1420 1144 praesc·

267 1163 398 1228 rendam
426 1185 493 1228 esse
520 1184 590 1227 cum
613 1163 751 1246 Bergkio
762 1165 787 1248 ¹)
812 1165 981 1228 consentio.
1026 1163 1093 1230 Nec
1114 1167 1218 1230 minus
1243 1165 1419 1248 genuinam

266 1261 456 1353 scripturam
475 1270 600 1334 videtur
623 1290 763 1335 servasse
785 1290 893 1334 versus
916 1272 1010 1348 1114,
1034 1271 1089 1336 ubi
1103 1267 1146 1335 ¹in
1169 1271 1330 1337 codicibus
1357 1295 1420 1356 pro

267 1371 402 1460 γνώμας
428 1375 470 1460 (v.
490 1376 547 1462 60)
576 1370 728 1462 μνήμην
756 1383 919 1442 exaratum
946 1385 1002 1442 est.
1057 1377 1176 1442 Eodem
1204 1379 1287 1443 enim
1309 1401 1420 1456 sensu,

266 1487 361 1567 atque
384 1483 445 1547 hoc
468 1483 551 1559 loco,
577 1483 694 1565 legitur
716 1484 749 1547 in
773 1504 799 1548 v.
824 1483 887 1548 798
916 1490 987 1548 τών
1011 1483 1046 1548 δὲ
1069 1491 1188 1550 κακῶν
1210 1481 1338 1572 μνήμη
1363 1488 1418 1570 yl-

266 1611 358 1653 νεται
382 1579 527 1673 οόδεμὶα.
579 1587 691 1672 Itaque
719 1589 854 1654 Heckeri
882 1591 1109 1668 coniecturam,
1137 1593 1190 1676 qui
1214 1593 1247 1656 in
1271 1613 1297 1656 v.
1325 1593 1419 1658 1114
1505 1627 1506 1649 r

265 1690 401 1781 γνώμην
424 1695 624 1762 scribendum
648 1716 715 1761 esse
738 1696 894 1780 proponit,
917 1718 980 1761 non
1003 1699 1212 1764 necessariam
1235 1721 1302 1764 esse
1321 1700 1420 1778 duco,
1505 1737 1506 1778 p

266 1823 337 1867 cum
354 1802 541 1885 praesertim
564 1823 602 1866 ex
625 1803 762 1885 genuina
779 1802 915 1868 lectione
932 1799 1063 1890 μνήμην
1082 1804 1285 1872 librariorum
1304 1825 1419 1873 errore
1505 1809 1506 1824 1

265 1903 398 1993 γνώμας
412 1915 444 1974 et
457 1903 593 1994 γνώμην
607 1906 756 1974 lectiones
775 1907 866 1974 facile
879 1909 955 1975 oriri
971 1912 1140 1994 potuerint
1169 1912 1259 1990 Quod
1274 1914 1418 1996 denique

266 2013 363 2078 rerba
389 2014 432 2099 (v.
452 2015 495 2079 60
514 2021 546 2079 et
567 2015 666 2100 1114)
690 2007 976 2099 mxcv-dycaeo
1007 2017 1110 2082 locum
1137 2019 1221 2083 inter
1248 2040 1281 2084 se
1307 2029 1418 2085 muta

266 2127 392 2197 verunt,
419 2119 453 2186 id
480 2141 543 2184 non
571 2141 644 2186 raro
672 2121 705 2185 iu
728 2121 889 2186 codicibus
912 2123 1072 2188 invenitur
1099 2123 1169 2208 (cfr.
1193 2148 1218 2190 c.
1241 2148 1270 2210 g.
1293 2148 1319 2192 r.
1343 2127 1417 2192 443

266 2227 445 2312 et11620).
494 2226 668 2292 Verborum
696 2235 802 2293 autem
824 2228 1063 2294 collocationem
1085 2232 1118 2294 in
1141 2253 1168 2296 r.
1194 2233 1280 2299 1114
1303 2255 1416 2299 serva-
1505 2245 1506 2310 1

266 2338 332 2397 tam
355 2332 514 2398 meliorem
538 2355 606 2398 csse
629 2356 723 2416 quam
746 2335 779 2399 in
802 2357 829 2398 r.
849 2335 892 2401 60
915 2336 975 2400 1οοί
998 2338 1092 2402 modo
1115 2337 1237 2403 laudati
1260 2339 1418 2416 indicant,
1505 2319 1506 2414 1

267 2437 323 2502 ubi
343 2439 455 2522 optimi
474 2439 596 2506 auras
615 2445 647 2505 a
664 2442 697 2505 in
716 2463 742 2504 v.
757 2440 823 2505 443
843 2441 897 2526 (Α,
916 2463 978 2506 non
996 2444 1036 2530 o)
1055 2451 1087 2509 α
1105 2444 1138 2508 in
1157 2466 1183 2508 v.
1203 2445 1299 2510 11620
1319 2446 1416 2532 (κο)

265 2549 384 2610 rectam
407 2545 559 2610 exhibent
580 2547 745 2611 lectionem
769 2547 863 2613 hano:
1505 2551 1506 2554 ’

315 2659 422 2746 δειλός
446 2662 476 2734 δ’
500 2662 576 2735 οὔτ’
600 2663 779 2755 ἀγαθοῖσιν
803 2669 977 2738 ἐπίσταται
1000 2666 1078 2740 οὔτε
1101 2689 1265 2754 κακοῖσιν,
1288 2681 1359 2742 κτλ.

265 2773 335 2853 Qua
358 2776 397 2840 de
423 2797 458 2841 re
484 2777 556 2842 vide
583 2784 749 2860 praeterea
775 2800 856 2862 quae
878 2780 1141 2864 Kuellcnbergius
1168 2804 1197 2865 p.
1220 2783 1263 2846 49
1283 2805 1328 2866 sq.
1352 2786 1414 2850 ad.

264 2883 395 2947 notavit.

354 2989 402 3053 'Ex
424 2989 475 3054 his
503 2989 598 3055 rebus
626 2991 768 3075 quamvis
794 2991 914 3057 levibus
942 2992 1001 3057 tibi
1028 2995 1219 3078 persuadeas
1245 2994 1348 3060 locum
1377 2997 1412 3060 in
1505 2969 1506 3026 1

265 3094 367 3158 altera
389 3094 509 3178 sylloga
526 3095 638 3160 melius
657 3099 811 3162 traditum
829 3120 903 3164 esse.
942 3099 1073 3166 Accedit
1091 3101 1175 3184 quod
1194 3099 1312 3166 ibidem
1331 3102 1413 3168 duo-

266 3200 325 3265 bus
343 3201 484 3266 versibus
507 3202 628 3266 auctior
651 3203 774 3288 legitur.
801 3243 839 3251 —

353 3324 523 3390 Praeterea
544 3346 653 3392 versus
675 3329 792 3411 prioris
815 3330 953 3414 syllogsc

355 3447 397 3511 39
421 3443 543 3532 Κύρνε,
566 3446 639 3514 κύει
662 3448 760 3530 πόλις
782 3443 850 3539 ἥόι,
875 3453 1010 3518 όέὸάικα
1034 3454 1070 3520 δὲ
1092 3447 1136 3541 μὴ
1159 3456 1238 3540 τέκη
1262 3452 1369 3543 ἄνδρα

352 3555 397 3620 40
466 3547 697 3643 εόθνντῆηα
719 3566 840 3645 κακῆς
863 3551 997 3647 ὕβριος
1018 3553 1215 3648 ἡμετέρης.

266 3676 348 3742 infre
370 3677 480 3758 (1081.
503 3679 603 3766 1082)
626 3681 774 3764 leguntur
796 3690 994 3765 pentametro
1017 3686 1064 3750 ita
1086 3693 1222 3752 mutato:

378 3801 463 3866 1082
487 3793 690 3890 ὑβριστήν,
713 3810 882 3902 χαλεπῆς
904 3799 1076 3894 ἡγεμόνα
1100 3807 1267 3889 στάσιος.

266 3907 381 3974 Versus
405 3908 520 3974 deinde

375 4015 416 4078 41
442 4007 538 4081 ἀστοὶ
560 4016 621 4101 μὲν
643 4010 705 4103 γὰρ
729 4011 790 4084 ἔθ’
814 4017 896 4085 αἳόε
922 4017 1119 4106 σαόφρυνες,
1141 4015 1299 4109 ἡγεμόνες
1323 4025 1358 4091 δὲ

374 4121 417 4185 42
485 4119 691 4207 τετράφαται
713 4117 843 4212 πολλὴν
867 4125 899 4204 ἐς
922 4125 1093 4214 κακότητα
1115 4142 1238 4196 πεσεῖν.

264 4244 379 4308 iterum
403 4245 592 4311 exhibentur
614 4255 687 4331 post
703 4272 731 4314 v.
754 4250 847 4328 1082,
871 4251 925 4316 ubi
943 4274 1002 4335 pro
1021 4244 1079 4318 ἔθ’
1102 4251 1173 4318 01οε
1191 4255 1309 4338 legitur
1328 4252 1408 4322 ἔασι.
1505 4335 1506 4340 1

339 4355 374 4445 Ῑι
385 4357 532 4455 αἰτίαι
551 4389 687 4457 uergens
706 4391 742 4446 an
761 4409 784 4444 v.
805 4393 839 4446 so
858 4393 1008 4448 amount.
