<?xml version="1.0" encoding="UTF-8"?>
<!DOCTYPE html PUBLIC "-//W3C//DTD XHTML 1.0 Transitional//EN"
    "http://www.w3.org/TR/xhtml1/DTD/xhtml1-transitional.dtd">
<html xmlns="http://www.w3.org/1999/xhtml" xml:lang="en" lang="en">
 <head>
  <title>
</title>
<meta http-equiv="Content-Type" content="text/html;charset=utf-8" />
  <meta name='ocr-system' content='tesseract 3.04.00' />
  <meta name='ocr-capabilities' content='ocr_page ocr_carea ocr_par ocr_line ocrx_word'/>
</head>
<body>
  <div class='ocr_page' id='page_1' title='image "./dissertationesp02unkngoog/dissertationesp02unkngoog_0140.png"; bbox 0 0 3010 4896; ppageno 0'>
   <div class='ocr_carea' id='block_1_1' title="bbox 506 287 1218 399">
    <p class='ocr_par' dir='ltr' id='par_1_1' title="bbox 506 287 1218 399">
     <span class='ocr_line' id='line_1_1' title="bbox 506 287 1218 399; baseline 0.007 -22"><span class='ocrx_word' id='word_1_1' title='bbox 506 353 547 363; x_wconf 87' lang='lat'><em>-</em></span> <span class='ocrx_word' id='word_1_2' title='bbox 595 315 691 399; x_wconf 85' lang='lat'>[131]</span> <span class='ocrx_word' id='word_1_3' title='bbox 741 287 807 364; x_wconf 64' lang='lat' dir='ltr'>-ss</span> <span class='ocrx_word' id='word_1_4' title='bbox 1175 313 1218 382; x_wconf 80' lang='lat' dir='ltr'>as</span> 
     </span>
    </p>
   </div>
   <div class='ocr_carea' id='block_1_2' title="bbox 89 510 1269 3920">
    <p class='ocr_par' dir='ltr' id='par_1_2' title="bbox 89 510 1269 3920">
     <span class='ocr_line' id='line_1_2' title="bbox 97 510 1219 595; baseline -0.002 -17"><span class='ocrx_word' id='word_1_5' title='bbox 97 535 193 578; x_wconf 84' lang='lat' dir='ltr'>nauem</span> <span class='ocrx_word' id='word_1_6' title='bbox 215 512 250 577; x_wconf 92' lang='lat' dir='ltr'>id</span> <span class='ocrx_word' id='word_1_7' title='bbox 271 512 382 595; x_wconf 89' lang='lat' dir='ltr'>egisse,</span> <span class='ocrx_word' id='word_1_8' title='bbox 405 517 440 576; x_wconf 91' lang='lat' dir='ltr'>ut</span> <span class='ocrx_word' id='word_1_9' title='bbox 463 533 525 578; x_wconf 91' lang='lat' dir='ltr'>non</span> <span class='ocrx_word' id='word_1_10' title='bbox 547 511 637 594; x_wconf 89' lang='lat' dir='ltr'>prius</span> <span class='ocrx_word' id='word_1_11' title='bbox 655 513 695 578; x_wconf 88' lang='lat' dir='ltr'>de</span> <span class='ocrx_word' id='word_1_12' title='bbox 715 534 748 578; x_wconf 94' lang='lat' dir='ltr'>re</span> <span class='ocrx_word' id='word_1_13' title='bbox 767 511 894 595; x_wconf 90' lang='lat' dir='ltr'>publica</span> <span class='ocrx_word' id='word_1_14' title='bbox 912 513 1019 579; x_wconf 89' lang='lat' dir='ltr'>contio</span> <span class='ocrx_word' id='word_1_15' title='bbox 1038 510 1219 589; x_wconf 69' lang='lat' dir='ltr'>haberem,</span> 
     </span>
     <span class='ocr_line' id='line_1_3' title="bbox 96 617 1218 713; baseline 0.001 -30"><span class='ocrx_word' id='word_1_16' title='bbox 96 641 167 702; x_wconf 85' lang='lat' dir='ltr'>quam</span> <span class='ocrx_word' id='word_1_17' title='bbox 188 627 311 702; x_wconf 86' lang='lat' dir='ltr'>tempus</span> <span class='ocrx_word' id='word_1_18' title='bbox 330 639 400 684; x_wconf 90' lang='lat' dir='ltr'>cum</span> <span class='ocrx_word' id='word_1_19' title='bbox 420 617 677 684; x_wconf 79' lang='lat' dir='ltr'>Lacedaemoniis</span> <span class='ocrx_word' id='word_1_20' title='bbox 694 619 901 686; x_wconf 86' lang='lat' dir='ltr'>constitutum</span> <span class='ocrx_word' id='word_1_21' title='bbox 919 620 1218 713; x_wconf 76' lang='lat' dir='ltr'>appropinquasset3</span> 
     </span>
     <span class='ocr_line' id='line_1_4' title="bbox 95 723 1221 810; baseline 0 -20"><span class='ocrx_word' id='word_1_22' title='bbox 95 736 141 792; x_wconf 89' lang='lat' dir='ltr'>tun</span> <span class='ocrx_word' id='word_1_23' title='bbox 171 726 212 790; x_wconf 89' lang='lat' dir='ltr'>ab</span> <span class='ocrx_word' id='word_1_24' title='bbox 244 745 281 790; x_wconf 91' lang='lat' dir='ltr'>eo</span> <span class='ocrx_word' id='word_1_25' title='bbox 313 723 510 808; x_wconf 78' lang='lat' dir='ltr'><strong>Lysandrum</strong></span> <span class='ocrx_word' id='word_1_26' title='bbox 544 724 638 792; x_wconf 89' lang='lat' dir='ltr'>Samo</span> <span class='ocrx_word' id='word_1_27' title='bbox 669 727 854 793; x_wconf 89' lang='lat' dir='ltr'>arcessitum</span> <span class='ocrx_word' id='word_1_28' title='bbox 886 725 1053 810; x_wconf 86' lang='lat' dir='ltr'>imperium</span> <span class='ocrx_word' id='word_1_29' title='bbox 1086 726 1221 810; x_wconf 90' lang='lat' dir='ltr'>triginta</span> 
     </span>
     <span class='ocr_line' id='line_1_5' title="bbox 96 832 1219 918; baseline 0.002 -22"><span class='ocrx_word' id='word_1_30' title='bbox 96 833 210 898; x_wconf 67' lang='lat' dir='ltr'>virorum</span> <span class='ocrx_word' id='word_1_31' title='bbox 242 832 472 896; x_wconf 86' lang='lat' dir='ltr'>instituendum</span> <span class='ocrx_word' id='word_1_32' title='bbox 503 851 637 898; x_wconf 83' lang='lat' dir='ltr'>curasse.</span> <span class='ocrx_word' id='word_1_33' title='bbox 688 832 819 898; x_wconf 81' lang='lat' dir='ltr'>Praeter</span> <span class='ocrx_word' id='word_1_34' title='bbox 850 832 909 900; x_wconf 90' lang='lat' dir='ltr'>hos</span> <span class='ocrx_word' id='word_1_35' title='bbox 941 839 1088 899; x_wconf 87' lang='lat' dir='ltr'>auctores</span> <span class='ocrx_word' id='word_1_36' title='bbox 1120 834 1219 918; x_wconf 89' lang='lat' dir='ltr'>respi-</span> 
     </span>
     <span class='ocr_line' id='line_1_6' title="bbox 95 938 1219 1006; baseline 0.002 -2"><span class='ocrx_word' id='word_1_37' title='bbox 95 941 185 1006; x_wconf 89' lang='lat' dir='ltr'>cienda</span> <span class='ocrx_word' id='word_1_38' title='bbox 211 944 285 1004; x_wconf 86' lang='lat' dir='ltr'>sunt</span> <span class='ocrx_word' id='word_1_39' title='bbox 307 938 470 1005; x_wconf 80' lang='lat' dir='ltr'>Plutarchi</span> <span class='ocrx_word' id='word_1_40' title='bbox 497 946 529 1004; x_wconf 92' lang='lat' dir='ltr'>et</span> <span class='ocrx_word' id='word_1_41' title='bbox 557 938 688 1004; x_wconf 90' lang='lat' dir='ltr'>Diodori</span> <span class='ocrx_word' id='word_1_42' title='bbox 712 940 901 1005; x_wconf 88' lang='lat' dir='ltr'>testimonia</span> <span class='ocrx_word' id='word_1_43' title='bbox 947 938 1124 1006; x_wconf 90' lang='lat' dir='ltr'>Secundum</span> <span class='ocrx_word' id='word_1_44' title='bbox 1146 941 1219 1006; x_wconf 92' lang='lat' dir='ltr'>Plu-</span> 
     </span>
     <span class='ocr_line' id='line_1_7' title="bbox 95 1045 1219 1132; baseline 0 -20"><span class='ocrx_word' id='word_1_45' title='bbox 95 1048 227 1122; x_wconf 85' lang='lat' dir='ltr'>tarchum,</span> <span class='ocrx_word' id='word_1_46' title='bbox 245 1069 315 1112; x_wconf 90' lang='lat' dir='ltr'>cum</span> <span class='ocrx_word' id='word_1_47' title='bbox 333 1046 472 1112; x_wconf 89' lang='lat' dir='ltr'>obsessio</span> <span class='ocrx_word' id='word_1_48' title='bbox 487 1046 684 1112; x_wconf 76' lang='lat' dir='ltr'>Athenarum</span> <span class='ocrx_word' id='word_1_49' title='bbox 701 1047 874 1132; x_wconf 92' lang='lat' dir='ltr'>longinqua</span> <span class='ocrx_word' id='word_1_50' title='bbox 891 1045 963 1112; x_wconf 91' lang='lat' dir='ltr'>fieri</span> <span class='ocrx_word' id='word_1_51' title='bbox 975 1048 1144 1127; x_wconf 86' lang='lat' dir='ltr'>rideretur,</span> <span class='ocrx_word' id='word_1_52' title='bbox 1158 1049 1219 1132; x_wconf 93' lang='lat' dir='ltr'>Ly-</span> 
     </span>
     <span class='ocr_line' id='line_1_8' title="bbox 95 1153 1219 1238; baseline 0 -18"><span class='ocrx_word' id='word_1_53' title='bbox 95 1157 190 1220; x_wconf 87' lang='lat' dir='ltr'>sander</span> <span class='ocrx_word' id='word_1_54' title='bbox 214 1155 245 1219; x_wconf 93' lang='lat' dir='ltr'>in</span> <span class='ocrx_word' id='word_1_55' title='bbox 269 1153 376 1220; x_wconf 81' lang='lat' dir='ltr'>Asiam</span> <span class='ocrx_word' id='word_1_56' title='bbox 398 1175 542 1220; x_wconf 83' lang='lat' dir='ltr'>reversus</span> <span class='ocrx_word' id='word_1_57' title='bbox 565 1175 628 1219; x_wconf 91' lang='lat' dir='ltr'>non</span> <span class='ocrx_word' id='word_1_58' title='bbox 650 1155 752 1221; x_wconf 90' lang='lat' dir='ltr'>solum</span> <span class='ocrx_word' id='word_1_59' title='bbox 776 1154 904 1221; x_wconf 84' lang='lat' dir='ltr'>Samum</span> <span class='ocrx_word' id='word_1_60' title='bbox 927 1157 1021 1238; x_wconf 89' lang='lat' dir='ltr'>cepit,</span> <span class='ocrx_word' id='word_1_61' title='bbox 1043 1156 1099 1220; x_wconf 89' lang='lat' dir='ltr'>sed</span> <span class='ocrx_word' id='word_1_62' title='bbox 1123 1156 1219 1220; x_wconf 86' lang='lat' dir='ltr'>etiam</span> 
     </span>
     <span class='ocr_line' id='line_1_9' title="bbox 94 1259 1220 1344; baseline 0.002 -18"><span class='ocrx_word' id='word_1_63' title='bbox 94 1261 207 1338; x_wconf 78' lang='lat' dir='ltr'>latum,</span> <span class='ocrx_word' id='word_1_64' title='bbox 226 1262 389 1344; x_wconf 85' lang='lat' dir='ltr'>Aeginam,</span> <span class='ocrx_word' id='word_1_65' title='bbox 407 1259 534 1339; x_wconf 88' lang='lat' dir='ltr'>Melum,</span> <span class='ocrx_word' id='word_1_66' title='bbox 552 1259 705 1338; x_wconf 90' lang='lat' dir='ltr'>Scionem‚</span> <span class='ocrx_word' id='word_1_67' title='bbox 728 1267 796 1328; x_wconf 86' lang='lat' dir='ltr'>tum</span> <span class='ocrx_word' id='word_1_68' title='bbox 818 1284 927 1328; x_wconf 85' lang='lat' dir='ltr'>rursus</span> <span class='ocrx_word' id='word_1_69' title='bbox 947 1262 1090 1330; x_wconf 85' lang='lat' dir='ltr'>Athenas</span> <span class='ocrx_word' id='word_1_70' title='bbox 1112 1269 1220 1328; x_wconf 81' lang='lat' dir='ltr'>nectus</span> 
     </span>
     <span class='ocr_line' id='line_1_10' title="bbox 93 1369 1219 1472; baseline 0 -38"><span class='ocrx_word' id='word_1_71' title='bbox 93 1371 285 1436; x_wconf 81' lang='lat' dir='ltr'>Athenienses</span> <span class='ocrx_word' id='word_1_72' title='bbox 313 1389 347 1434; x_wconf 87' lang='lat' dir='ltr'>ae</span> <span class='ocrx_word' id='word_1_73' title='bbox 379 1369 504 1434; x_wconf 86' lang='lat' dir='ltr'>tradere</span> <span class='ocrx_word' id='word_1_74' title='bbox 532 1371 636 1472; x_wconf 78' lang='lat' dir='ltr'>coegit</span> <span class='ocrx_word' id='word_1_75' title='bbox 668 1369 862 1454; x_wconf 72' lang='lat' dir='ltr'>trigintaque</span> <span class='ocrx_word' id='word_1_76' title='bbox 890 1370 966 1434; x_wconf 84' lang='lat' dir='ltr'>viris</span> <span class='ocrx_word' id='word_1_77' title='bbox 997 1369 1154 1437; x_wconf 88' lang='lat' dir='ltr'>institutis</span> <span class='ocrx_word' id='word_1_78' title='bbox 1186 1372 1219 1436; x_wconf 90' lang='lat' dir='ltr'>in</span> 
     </span>
     <span class='ocr_line' id='line_1_11' title="bbox 93 1474 1218 1562; baseline 0 -20"><span class='ocrx_word' id='word_1_79' title='bbox 93 1477 240 1544; x_wconf 78' lang='lat' dir='ltr'>Thraciam</span> <span class='ocrx_word' id='word_1_80' title='bbox 268 1476 428 1560; x_wconf 85' lang='lat' dir='ltr'>navigavit</span> <span class='ocrx_word' id='word_1_81' title='bbox 451 1475 547 1558; x_wconf 90' lang='lat' dir='ltr'>(Plut.</span> <span class='ocrx_word' id='word_1_82' title='bbox 571 1475 642 1560; x_wconf 90' lang='lat' dir='ltr'>Lys.</span> <span class='ocrx_word' id='word_1_83' title='bbox 666 1475 749 1540; x_wconf 85' lang='lat' dir='ltr'><strong>XIV.</strong></span> <span class='ocrx_word' id='word_1_84' title='bbox 773 1474 872 1562; x_wconf 83' lang='lat' dir='ltr'>XVI).</span> <span class='ocrx_word' id='word_1_85' title='bbox 922 1477 1016 1560; x_wconf 89' lang='lat' dir='ltr'>Apud</span> <span class='ocrx_word' id='word_1_86' title='bbox 1045 1476 1218 1543; x_wconf 90' lang='lat' dir='ltr'>Diodorum</span> 
     </span>
     <span class='ocr_line' id='line_1_12' title="bbox 92 1581 1218 1668; baseline -0.003 -17"><span class='ocrx_word' id='word_1_87' title='bbox 92 1585 178 1666; x_wconf 76' lang='lat' dir='ltr'>(lllll,</span> <span class='ocrx_word' id='word_1_88' title='bbox 198 1585 271 1662; x_wconf 89' lang='grc'><strong>106,</strong></span> <span class='ocrx_word' id='word_1_89' title='bbox 290 1585 324 1658; x_wconf 88' lang='grc'>8;</span> <span class='ocrx_word' id='word_1_90' title='bbox 346 1584 417 1661; x_wconf 78' lang='grc'><strong>107,</strong></span> <span class='ocrx_word' id='word_1_91' title='bbox 436 1582 471 1659; x_wconf 88' lang='grc'>2;</span> <span class='ocrx_word' id='word_1_92' title='bbox 490 1581 575 1659; x_wconf 87' lang='lat' dir='ltr'>XIV,</span> <span class='ocrx_word' id='word_1_93' title='bbox 593 1582 623 1659; x_wconf 85' lang='lat'>3,</span> <span class='ocrx_word' id='word_1_94' title='bbox 640 1581 686 1668; x_wconf 87' lang='lat'>4),</span> <span class='ocrx_word' id='word_1_95' title='bbox 709 1585 879 1665; x_wconf 86' lang='lat' dir='ltr'>autequam</span> <span class='ocrx_word' id='word_1_96' title='bbox 897 1582 1060 1668; x_wconf 84' lang='lat' dir='ltr'>Lysander</span> <span class='ocrx_word' id='word_1_97' title='bbox 1082 1583 1218 1668; x_wconf 90' lang='lat' dir='ltr'>primmn</span> 
     </span>
     <span class='ocr_line' id='line_1_13' title="bbox 92 1687 1220 1776; baseline 0.001 -21"><span class='ocrx_word' id='word_1_98' title='bbox 92 1693 114 1758; x_wconf 87' lang='lat' dir='ltr'>in</span> <span class='ocrx_word' id='word_1_99' title='bbox 138 1693 282 1758; x_wconf 89' lang='lat' dir='ltr'>Piraeum</span> <span class='ocrx_word' id='word_1_100' title='bbox 310 1692 444 1766; x_wconf 87' lang='lat' dir='ltr'>veniret,</span> <span class='ocrx_word' id='word_1_101' title='bbox 476 1689 568 1756; x_wconf 90' lang='lat' dir='ltr'>Sesto</span> <span class='ocrx_word' id='word_1_102' title='bbox 596 1693 689 1772; x_wconf 88' lang='lat' dir='ltr'>capta</span> <span class='ocrx_word' id='word_1_103' title='bbox 716 1687 844 1756; x_wconf 87' lang='lat' dir='ltr'>Samum</span> <span class='ocrx_word' id='word_1_104' title='bbox 872 1692 1078 1776; x_wconf 84' lang='lat' dir='ltr'>oppugnavit,</span> <span class='ocrx_word' id='word_1_105' title='bbox 1105 1690 1220 1756; x_wconf 92' lang='lat' dir='ltr'>deinde</span> 
     </span>
     <span class='ocr_line' id='line_1_14' title="bbox 92 1785 1269 1881; baseline -0.002 -17"><span class='ocrx_word' id='word_1_106' title='bbox 92 1800 215 1864; x_wconf 83' lang='lat' dir='ltr'>Athenas</span> <span class='ocrx_word' id='word_1_107' title='bbox 240 1803 346 1863; x_wconf 83' lang='lat' dir='ltr'>vectus</span> <span class='ocrx_word' id='word_1_108' title='bbox 370 1805 430 1872; x_wconf 90' lang='lat' dir='ltr'>est;</span> <span class='ocrx_word' id='word_1_109' title='bbox 458 1796 531 1862; x_wconf 90' lang='lat' dir='ltr'>inde</span> <span class='ocrx_word' id='word_1_110' title='bbox 554 1819 631 1881; x_wconf 89' lang='lat' dir='ltr'>pace</span> <span class='ocrx_word' id='word_1_111' title='bbox 654 1795 740 1863; x_wconf 86' lang='lat' dir='ltr'>facta</span> <span class='ocrx_word' id='word_1_112' title='bbox 762 1797 918 1863; x_wconf 78' lang='lat' dir='ltr'>sociorum</span> <span class='ocrx_word' id='word_1_113' title='bbox 941 1819 991 1864; x_wconf 90' lang='lat' dir='ltr'>res</span> <span class='ocrx_word' id='word_1_114' title='bbox 1014 1785 1220 1864; x_wconf 86' lang='lat' dir='ltr'>administra·</span> <span class='ocrx_word' id='word_1_115' title='bbox 1265 1788 1269 1799; x_wconf 61' lang='lat'><strong><em>¹</em></strong></span> 
     </span>
     <span class='ocr_line' id='line_1_15' title="bbox 91 1901 1221 1990; baseline 0.001 -21"><span class='ocrx_word' id='word_1_116' title='bbox 91 1913 165 1970; x_wconf 88' lang='lat' dir='ltr'>turus</span> <span class='ocrx_word' id='word_1_117' title='bbox 195 1905 348 1981; x_wconf 88' lang='lat' dir='ltr'>mittitur,</span> <span class='ocrx_word' id='word_1_118' title='bbox 379 1905 515 1988; x_wconf 83' lang='lat' dir='ltr'>denique</span> <span class='ocrx_word' id='word_1_119' title='bbox 549 1901 641 1970; x_wconf 90' lang='lat' dir='ltr'>Samo</span> <span class='ocrx_word' id='word_1_120' title='bbox 674 1925 782 1970; x_wconf 89' lang='lat' dir='ltr'>recens</span> <span class='ocrx_word' id='word_1_121' title='bbox 815 1910 909 1990; x_wconf 87' lang='lat' dir='ltr'>capta</span> <span class='ocrx_word' id='word_1_122' title='bbox 941 1905 981 1972; x_wconf 91' lang='lat' dir='ltr'>ab</span> <span class='ocrx_word' id='word_1_123' title='bbox 1015 1904 1221 1990; x_wconf 88' lang='lat' dir='ltr'>optimatibus</span> 
     </span>
     <span class='ocr_line' id='line_1_16' title="bbox 91 2001 1220 2096; baseline 0 -20"><span class='ocrx_word' id='word_1_124' title='bbox 91 2013 216 2078; x_wconf 84' lang='lat' dir='ltr'>Athenas</span> <span class='ocrx_word' id='word_1_125' title='bbox 238 2011 407 2078; x_wconf 89' lang='lat' dir='ltr'>arcessitus</span> <span class='ocrx_word' id='word_1_126' title='bbox 430 2011 560 2088; x_wconf 85' lang='lat' dir='ltr'>evincit,</span> <span class='ocrx_word' id='word_1_127' title='bbox 587 2017 623 2076; x_wconf 89' lang='lat' dir='ltr'>ut</span> <span class='ocrx_word' id='word_1_128' title='bbox 646 2001 778 2094; x_wconf 83' lang='lat' dir='ltr'>triginta</span> <span class='ocrx_word' id='word_1_129' title='bbox 801 2012 860 2076; x_wconf 87' lang='lat' dir='ltr'>viri</span> <span class='ocrx_word' id='word_1_130' title='bbox 888 2012 1040 2096; x_wconf 89' lang='lat' dir='ltr'>legantur.</span> <span class='ocrx_word' id='word_1_131' title='bbox 1088 2013 1134 2077; x_wconf 91' lang='lat' dir='ltr'>Ac</span> <span class='ocrx_word' id='word_1_132' title='bbox 1155 2014 1220 2096; x_wconf 91' lang='lat' dir='ltr'>pri·</span> 
     </span>
     <span class='ocr_line' id='line_1_17' title="bbox 90 2118 1221 2204; baseline 0.002 -22"><span class='ocrx_word' id='word_1_133' title='bbox 90 2141 163 2184; x_wconf 91' lang='lat' dir='ltr'>num</span> <span class='ocrx_word' id='word_1_134' title='bbox 192 2119 320 2203; x_wconf 89' lang='lat' dir='ltr'>quidem</span> <span class='ocrx_word' id='word_1_135' title='bbox 352 2141 371 2182; x_wconf 92' lang='lat' dir='ltr'>a</span> <span class='ocrx_word' id='word_1_136' title='bbox 398 2118 552 2196; x_wconf 92' lang='lat' dir='ltr'>Diodoro,</span> <span class='ocrx_word' id='word_1_137' title='bbox 585 2119 755 2184; x_wconf 89' lang='lat' dir='ltr'>secundnm</span> <span class='ocrx_word' id='word_1_138' title='bbox 783 2140 876 2202; x_wconf 88' lang='lat' dir='ltr'>quem</span> <span class='ocrx_word' id='word_1_139' title='bbox 908 2122 1004 2186; x_wconf 89' lang='lat' dir='ltr'>etiam</span> <span class='ocrx_word' id='word_1_140' title='bbox 1037 2120 1221 2204; x_wconf 89' lang='lat' dir='ltr'>prinsquam</span> 
     </span>
     <span class='ocr_line' id='line_1_18' title="bbox 90 2224 1221 2312; baseline 0.001 -23"><span class='ocrx_word' id='word_1_141' title='bbox 90 2227 210 2308; x_wconf 85' lang='lat' dir='ltr'>primum</span> <span class='ocrx_word' id='word_1_142' title='bbox 234 2224 375 2291; x_wconf 87' lang='lat' dir='ltr'>Athenas</span> <span class='ocrx_word' id='word_1_143' title='bbox 402 2225 538 2304; x_wconf 86' lang='lat' dir='ltr'>veniret,</span> <span class='ocrx_word' id='word_1_144' title='bbox 565 2225 727 2310; x_wconf 81' lang='lat' dir='ltr'>Lysander</span> <span class='ocrx_word' id='word_1_145' title='bbox 750 2225 879 2292; x_wconf 88' lang='lat' dir='ltr'>Samum</span> <span class='ocrx_word' id='word_1_146' title='bbox 902 2248 1084 2312; x_wconf 83' lang='lat' dir='ltr'>oppugnare</span> <span class='ocrx_word' id='word_1_147' title='bbox 1108 2228 1221 2311; x_wconf 88' lang='lat' dir='ltr'>coepit,</span> 
     </span>
     <span class='ocr_line' id='line_1_19' title="bbox 90 2333 1220 2420; baseline 0.004 -24"><span class='ocrx_word' id='word_1_148' title='bbox 90 2333 194 2398; x_wconf 86' lang='lat' dir='ltr'>diserto</span> <span class='ocrx_word' id='word_1_149' title='bbox 216 2333 435 2417; x_wconf 86' lang='lat' dir='ltr'>Xenophontis</span> <span class='ocrx_word' id='word_1_150' title='bbox 458 2333 639 2400; x_wconf 86' lang='lat' dir='ltr'>testimonio</span> <span class='ocrx_word' id='word_1_151' title='bbox 663 2334 809 2400; x_wconf 87' lang='lat' dir='ltr'>recedere</span> <span class='ocrx_word' id='word_1_152' title='bbox 832 2335 981 2420; x_wconf 77' lang='lat' dir='ltr'>cogimur,</span> <span class='ocrx_word' id='word_1_153' title='bbox 1009 2336 1064 2418; x_wconf 93' lang='lat' dir='ltr'>qui</span> <span class='ocrx_word' id='word_1_154' title='bbox 1086 2355 1220 2400; x_wconf 90' lang='lat' dir='ltr'>comme-</span> 
     </span>
     <span class='ocr_line' id='line_1_20' title="bbox 89 2441 1220 2526; baseline 0.003 -24"><span class='ocrx_word' id='word_1_155' title='bbox 89 2447 179 2505; x_wconf 90' lang='lat' dir='ltr'>morat</span> <span class='ocrx_word' id='word_1_156' title='bbox 213 2448 285 2525; x_wconf 89' lang='lat' dir='ltr'>post</span> <span class='ocrx_word' id='word_1_157' title='bbox 316 2462 455 2524; x_wconf 88' lang='lat' dir='ltr'>pugnam</span> <span class='ocrx_word' id='word_1_158' title='bbox 487 2441 573 2526; x_wconf 90' lang='lat' dir='ltr'>apud</span> <span class='ocrx_word' id='word_1_159' title='bbox 606 2441 854 2526; x_wconf 84' lang='lat' dir='ltr'>Aegospotamos</span> <span class='ocrx_word' id='word_1_160' title='bbox 887 2441 1083 2508; x_wconf 87' lang='lat' dir='ltr'>commissam</span> <span class='ocrx_word' id='word_1_161' title='bbox 1120 2446 1220 2505; x_wconf 86' lang='lat' dir='ltr'>totam</span> 
     </span>
     <span class='ocr_line' id='line_1_21' title="bbox 90 2545 1220 2634; baseline -0.001 -23"><span class='ocrx_word' id='word_1_162' title='bbox 90 2545 241 2612; x_wconf 85' lang='lat' dir='ltr'>Graeciam</span> <span class='ocrx_word' id='word_1_163' title='bbox 259 2547 301 2614; x_wconf 88' lang='lat' dir='ltr'>ab</span> <span class='ocrx_word' id='word_1_164' title='bbox 321 2547 568 2615; x_wconf 87' lang='lat' dir='ltr'>Atheniensibus</span> <span class='ocrx_word' id='word_1_165' title='bbox 587 2549 753 2614; x_wconf 84' lang='lat' dir='ltr'>descivisse</span> <span class='ocrx_word' id='word_1_166' title='bbox 772 2549 912 2632; x_wconf 87' lang='lat' dir='ltr'>exceptis</span> <span class='ocrx_word' id='word_1_167' title='bbox 931 2548 1045 2614; x_wconf 88' lang='lat' dir='ltr'>Samiis</span> <span class='ocrx_word' id='word_1_168' title='bbox 1065 2547 1120 2634; x_wconf 89' lang='lat' dir='ltr'>(Il,</span> <span class='ocrx_word' id='word_1_169' title='bbox 1136 2547 1165 2624; x_wconf 95' lang='grc'>2,</span> <span class='ocrx_word' id='word_1_170' title='bbox 1176 2547 1220 2632; x_wconf 87' lang='grc'>6).</span> 
     </span>
     <span class='ocr_line' id='line_1_22' title="bbox 93 2641 1220 2742; baseline 0.004 -28"><span class='ocrx_word' id='word_1_171' title='bbox 93 2641 182 2720; x_wconf 78' lang='grc' dir='ltr'><em>Οὗτοι</em></span> <span class='ocrx_word' id='word_1_172' title='bbox 204 2654 249 2734; x_wconf 77' lang='lat' dir='ltr'>dl,</span> <span class='ocrx_word' id='word_1_173' title='bbox 272 2655 385 2738; x_wconf 90' lang='lat' dir='ltr'>inquit,</span> <span class='ocrx_word' id='word_1_174' title='bbox 409 2646 537 2740; x_wconf 79' lang='grc' dir='ltr'><em>σφαγὰς</em></span> <span class='ocrx_word' id='word_1_175' title='bbox 554 2661 625 2720; x_wconf 78' lang='grc' dir='ltr'>τῶν</span> <span class='ocrx_word' id='word_1_176' title='bbox 644 2656 823 2741; x_wconf 77' lang='grc' dir='ltr'><em>γνωρίμων</em></span> <span class='ocrx_word' id='word_1_177' title='bbox 842 2649 1043 2742; x_wconf 77' lang='grc' dir='ltr'><strong><em>ποιήσαντες</em></strong></span> <span class='ocrx_word' id='word_1_178' title='bbox 1065 2666 1220 2738; x_wconf 80' lang='grc' dir='ltr'>κατεῖχον</span> 
     </span>
     <span class='ocr_line' id='line_1_23' title="bbox 92 2751 1221 2850; baseline 0.002 -28"><span class='ocrx_word' id='word_1_179' title='bbox 92 2751 144 2844; x_wconf 68' lang='grc' dir='ltr'>τὴν</span> <span class='ocrx_word' id='word_1_180' title='bbox 167 2757 273 2828; x_wconf 79' lang='grc' dir='ltr'><strong><em>πόλιν.</em></strong></span> <span class='ocrx_word' id='word_1_181' title='bbox 286 2763 312 2850; x_wconf 87' lang='lat'>¹)</span> <span class='ocrx_word' id='word_1_182' title='bbox 363 2762 484 2840; x_wconf 84' lang='lat' dir='ltr'>Quibus</span> <span class='ocrx_word' id='word_1_183' title='bbox 516 2763 666 2846; x_wconf 89' lang='lat' dir='ltr'>expositis</span> <span class='ocrx_word' id='word_1_184' title='bbox 697 2761 896 2847; x_wconf 82' lang='lat' dir='ltr'>Lysandrum</span> <span class='ocrx_word' id='word_1_185' title='bbox 923 2761 1065 2828; x_wconf 85' lang='lat' dir='ltr'>Athenas</span> <span class='ocrx_word' id='word_1_186' title='bbox 1098 2765 1221 2826; x_wconf 87' lang='lat' dir='ltr'>vectum</span> 
     </span>
     <span class='ocr_line' id='line_1_24' title="bbox 92 2866 1220 2938; baseline 0.001 -8"><span class='ocrx_word' id='word_1_187' title='bbox 92 2887 149 2932; x_wconf 84' lang='lat' dir='ltr'>esse</span> <span class='ocrx_word' id='word_1_188' title='bbox 177 2875 292 2934; x_wconf 79' lang='lat' dir='ltr'>nmrat</span> <span class='ocrx_word' id='word_1_189' title='bbox 348 2868 416 2934; x_wconf 88' lang='lat' dir='ltr'>lam</span> <span class='ocrx_word' id='word_1_190' title='bbox 451 2870 552 2935; x_wconf 88' lang='lat' dir='ltr'>maior</span> <span class='ocrx_word' id='word_1_191' title='bbox 583 2869 662 2938; x_wconf 90' lang='lat' dir='ltr'>fides</span> <span class='ocrx_word' id='word_1_192' title='bbox 698 2869 870 2936; x_wconf 84' lang='lat' dir='ltr'>tribuenda</span> <span class='ocrx_word' id='word_1_193' title='bbox 901 2869 1026 2934; x_wconf 84' lang='lat' dir='ltr'>videtur</span> <span class='ocrx_word' id='word_1_194' title='bbox 1057 2866 1220 2933; x_wconf 85' lang='lat' dir='ltr'>Plutarchi</span> 
     </span>
     <span class='ocr_line' id='line_1_25' title="bbox 94 2975 1220 3062; baseline 0.002 -24"><span class='ocrx_word' id='word_1_195' title='bbox 94 2975 264 3054; x_wconf 74' lang='lat' dir='ltr'>nutationi,</span> <span class='ocrx_word' id='word_1_196' title='bbox 300 2976 353 3062; x_wconf 94' lang='lat' dir='ltr'>qui</span> <span class='ocrx_word' id='word_1_197' title='bbox 390 2978 473 3044; x_wconf 87' lang='lat' dir='ltr'>inter</span> <span class='ocrx_word' id='word_1_198' title='bbox 505 2977 647 3042; x_wconf 89' lang='lat' dir='ltr'>Athenas</span> <span class='ocrx_word' id='word_1_199' title='bbox 679 2976 822 3043; x_wconf 88' lang='lat' dir='ltr'>obsessas</span> <span class='ocrx_word' id='word_1_200' title='bbox 854 2983 887 3042; x_wconf 88' lang='lat' dir='ltr'>et</span> <span class='ocrx_word' id='word_1_201' title='bbox 918 2983 1027 3061; x_wconf 85' lang='lat' dir='ltr'>captes</span> <span class='ocrx_word' id='word_1_202' title='bbox 1057 2995 1220 3060; x_wconf 76' lang='lat' dir='ltr'>oppugna</span> 
     </span>
     <span class='ocr_line' id='line_1_26' title="bbox 93 3081 1221 3170; baseline 0.004 -28"><span class='ocrx_word' id='word_1_203' title='bbox 93 3081 194 3148; x_wconf 86' lang='lat' dir='ltr'>tionem</span> <span class='ocrx_word' id='word_1_204' title='bbox 221 3083 308 3150; x_wconf 89' lang='lat' dir='ltr'>Sami</span> <span class='ocrx_word' id='word_1_205' title='bbox 340 3083 458 3148; x_wconf 86' lang='lat' dir='ltr'>inserit</span> <span class='ocrx_word' id='word_1_206' title='bbox 513 3083 710 3170; x_wconf 81' lang='lat' dir='ltr'>Quamquam</span> <span class='ocrx_word' id='word_1_207' title='bbox 741 3083 775 3148; x_wconf 93' lang='lat' dir='ltr'>in</span> <span class='ocrx_word' id='word_1_208' title='bbox 807 3104 844 3148; x_wconf 92' lang='lat' dir='ltr'>eo</span> <span class='ocrx_word' id='word_1_209' title='bbox 872 3083 1061 3150; x_wconf 88' lang='lat' dir='ltr'>Plutarchus</span> <span class='ocrx_word' id='word_1_210' title='bbox 1094 3084 1221 3160; x_wconf 76' lang='lat' dir='ltr'>errant,</span> 
     </span>
     <span class='ocr_line' id='line_1_27' title="bbox 94 3189 1220 3275; baseline 0.004 -25"><span class='ocrx_word' id='word_1_211' title='bbox 94 3190 164 3268; x_wconf 88' lang='lat' dir='ltr'>qnod</span> <span class='ocrx_word' id='word_1_212' title='bbox 186 3211 221 3257; x_wconf 95' lang='lat' dir='ltr'>eo</span> <span class='ocrx_word' id='word_1_213' title='bbox 248 3196 392 3274; x_wconf 91' lang='lat' dir='ltr'>tempore</span> <span class='ocrx_word' id='word_1_214' title='bbox 419 3211 482 3256; x_wconf 90' lang='lat' dir='ltr'>non</span> <span class='ocrx_word' id='word_1_215' title='bbox 506 3190 606 3256; x_wconf 89' lang='lat' dir='ltr'>solum</span> <span class='ocrx_word' id='word_1_216' title='bbox 629 3197 754 3275; x_wconf 88' lang='lat' dir='ltr'>captam</span> <span class='ocrx_word' id='word_1_217' title='bbox 778 3211 845 3256; x_wconf 86' lang='lat' dir='ltr'>osse</span> <span class='ocrx_word' id='word_1_218' title='bbox 868 3189 997 3258; x_wconf 89' lang='lat' dir='ltr'>Samum</span> <span class='ocrx_word' id='word_1_219' title='bbox 1018 3195 1137 3267; x_wconf 69' lang='lat' dir='ltr'>narem,</span> <span class='ocrx_word' id='word_1_220' title='bbox 1165 3191 1220 3256; x_wconf 92' lang='lat' dir='ltr'>sed</span> 
     </span>
     <span class='ocr_line' id='line_1_28' title="bbox 94 3295 1221 3382; baseline 0.004 -27"><span class='ocrx_word' id='word_1_221' title='bbox 94 3295 173 3360; x_wconf 86' lang='lat' dir='ltr'>otiam</span> <span class='ocrx_word' id='word_1_222' title='bbox 198 3296 337 3375; x_wconf 86' lang='lat' dir='ltr'>Sestum,</span> <span class='ocrx_word' id='word_1_223' title='bbox 363 3298 530 3382; x_wconf 83' lang='lat' dir='ltr'>Aeginam,</span> <span class='ocrx_word' id='word_1_224' title='bbox 556 3297 688 3375; x_wconf 89' lang='lat' dir='ltr'>Melum,</span> <span class='ocrx_word' id='word_1_225' title='bbox 715 3296 859 3363; x_wconf 89' lang='lat' dir='ltr'>Scionem</span> <span class='ocrx_word' id='word_1_226' title='bbox 889 3320 954 3364; x_wconf 89' lang='lat' dir='ltr'>una</span> <span class='ocrx_word' id='word_1_227' title='bbox 981 3303 1089 3382; x_wconf 85' lang='lat' dir='ltr'>captas</span> <span class='ocrx_word' id='word_1_228' title='bbox 1120 3297 1221 3364; x_wconf 84' lang='lat' dir='ltr'>tradit</span> 
     </span>
     <span class='ocr_line' id='line_1_29' title="bbox 95 3403 1221 3492; baseline 0.001 -23"><span class='ocrx_word' id='word_1_229' title='bbox 95 3425 214 3470; x_wconf 82' lang='lat' dir='ltr'>-nam</span> <span class='ocrx_word' id='word_1_230' title='bbox 236 3405 400 3488; x_wconf 89' lang='lat' dir='ltr'>Aeginam,</span> <span class='ocrx_word' id='word_1_231' title='bbox 422 3405 550 3482; x_wconf 92' lang='lat' dir='ltr'>Melum,</span> <span class='ocrx_word' id='word_1_232' title='bbox 573 3403 751 3492; x_wconf 72' lang='lat' dir='ltr'>Scionem²y</span> <span class='ocrx_word' id='word_1_233' title='bbox 775 3428 795 3472; x_wconf 89' lang='lat' dir='ltr'>a</span> <span class='ocrx_word' id='word_1_234' title='bbox 817 3404 980 3491; x_wconf 88' lang='lat' dir='ltr'>Lysandro</span> <span class='ocrx_word' id='word_1_235' title='bbox 1008 3411 1117 3489; x_wconf 87' lang='lat' dir='ltr'>captas</span> <span class='ocrx_word' id='word_1_236' title='bbox 1146 3425 1221 3482; x_wconf 86' lang='lat' dir='ltr'>esse,</span> 
     </span>
     <span class='ocr_line' id='line_1_30' title="bbox 94 3511 1221 3597; baseline 0.005 -26"><span class='ocrx_word' id='word_1_237' title='bbox 94 3515 244 3594; x_wconf 87' lang='lat' dir='ltr'>antequam</span> <span class='ocrx_word' id='word_1_238' title='bbox 272 3513 305 3578; x_wconf 92' lang='lat' dir='ltr'>in</span> <span class='ocrx_word' id='word_1_239' title='bbox 333 3512 479 3578; x_wconf 89' lang='lat' dir='ltr'>Piraeum</span> <span class='ocrx_word' id='word_1_240' title='bbox 506 3511 724 3592; x_wconf 86' lang='lat' dir='ltr'>adveheretur,</span> <span class='ocrx_word' id='word_1_241' title='bbox 752 3513 961 3597; x_wconf 87' lang='lat' dir='ltr'>Xenophonte</span> <span class='ocrx_word' id='word_1_242' title='bbox 988 3519 1069 3578; x_wconf 89' lang='lat' dir='ltr'>teste</span> <span class='ocrx_word' id='word_1_243' title='bbox 1097 3517 1221 3578; x_wconf 87' lang='lat' dir='ltr'>constat</span> 
     </span>
     <span class='ocr_line' id='line_1_31' title="bbox 94 3613 1220 3704; baseline 0.005 -26"><span class='ocrx_word' id='word_1_244' title='bbox 94 3613 222 3701; x_wconf 84' lang='lat' dir='ltr'>idemque</span> <span class='ocrx_word' id='word_1_245' title='bbox 244 3620 285 3684; x_wconf 89' lang='lat' dir='ltr'>dc</span> <span class='ocrx_word' id='word_1_246' title='bbox 308 3617 398 3684; x_wconf 90' lang='lat' dir='ltr'>Sesto</span> <span class='ocrx_word' id='word_1_247' title='bbox 422 3617 522 3683; x_wconf 87' lang='lat' dir='ltr'>tradit</span> <span class='ocrx_word' id='word_1_248' title='bbox 544 3617 703 3685; x_wconf 85' lang='lat' dir='ltr'>Diodorus</span> <span class='ocrx_word' id='word_1_249' title='bbox 728 3659 779 3697; x_wconf 92' lang='lat'>-,</span> <span class='ocrx_word' id='word_1_250' title='bbox 801 3627 908 3686; x_wconf 87' lang='lat' dir='ltr'>tamen</span> <span class='ocrx_word' id='word_1_251' title='bbox 931 3621 971 3686; x_wconf 90' lang='lat' dir='ltr'>de</span> <span class='ocrx_word' id='word_1_252' title='bbox 999 3625 1112 3704; x_wconf 89' lang='lat' dir='ltr'>coepta</span> <span class='ocrx_word' id='word_1_253' title='bbox 1134 3618 1220 3684; x_wconf 87' lang='lat' dir='ltr'>Sami</span> 
     </span>
     <span class='ocr_line' id='line_1_32' title="bbox 95 3721 1220 3813; baseline 0.004 -26"><span class='ocrx_word' id='word_1_254' title='bbox 95 3721 199 3790; x_wconf 84' lang='lat' dir='ltr'>insulae</span> <span class='ocrx_word' id='word_1_255' title='bbox 217 3727 451 3810; x_wconf 88' lang='lat' dir='ltr'>oppugnatione</span> <span class='ocrx_word' id='word_1_256' title='bbox 474 3725 570 3790; x_wconf 89' lang='lat' dir='ltr'>aliam</span> <span class='ocrx_word' id='word_1_257' title='bbox 593 3725 632 3792; x_wconf 91' lang='lat' dir='ltr'>ab</span> <span class='ocrx_word' id='word_1_258' title='bbox 653 3747 779 3792; x_wconf 87' lang='lat' dir='ltr'>cansam</span> <span class='ocrx_word' id='word_1_259' title='bbox 797 3727 1004 3794; x_wconf 87' lang='lat' dir='ltr'>Plutarchum</span> <span class='ocrx_word' id='word_1_260' title='bbox 1027 3728 1220 3813; x_wconf 89' lang='lat' dir='ltr'>sequendum</span> 
     </span>
     <span class='ocr_line' id='line_1_33' title="bbox 94 3832 1220 3920; baseline 0.005 -28"><span class='ocrx_word' id='word_1_261' title='bbox 94 3847 197 3898; x_wconf 75' lang='lat' dir='ltr'>abaco.</span> <span class='ocrx_word' id='word_1_262' title='bbox 241 3833 469 3900; x_wconf 88' lang='lat' dir='ltr'>Theramenem</span> <span class='ocrx_word' id='word_1_263' title='bbox 492 3832 584 3910; x_wconf 87' lang='lat' dir='ltr'>euim,</span> <span class='ocrx_word' id='word_1_264' title='bbox 607 3855 700 3916; x_wconf 91' lang='lat' dir='ltr'>quem</span> <span class='ocrx_word' id='word_1_265' title='bbox 723 3856 744 3898; x_wconf 90' lang='lat' dir='ltr'>a</span> <span class='ocrx_word' id='word_1_266' title='bbox 765 3836 881 3920; x_wconf 90' lang='lat' dir='ltr'>populo</span> <span class='ocrx_word' id='word_1_267' title='bbox 901 3835 979 3901; x_wconf 89' lang='lat' dir='ltr'>urhe</span> <span class='ocrx_word' id='word_1_268' title='bbox 1002 3836 1066 3902; x_wconf 88' lang='lat' dir='ltr'>iam</span> <span class='ocrx_word' id='word_1_269' title='bbox 1088 3835 1220 3900; x_wconf 90' lang='lat' dir='ltr'>circum·</span> 
     </span>
    </p>
   </div>
   <div class='ocr_carea' id='block_1_3' title="bbox 98 3953 290 3969">
    <p class='ocr_par' dir='ltr' id='par_1_3' title="bbox 98 3953 290 3969">
     <span class='ocr_line' id='line_1_34' title="bbox 98 3953 290 3969; baseline 0 0"><span class='ocrx_word' id='word_1_270' title='bbox 98 3953 290 3969; x_wconf 59' lang='lat'><strong>‘&#39;-·*··—0-—-—</strong></span> 
     </span>
    </p>
   </div>
   <div class='ocr_carea' id='block_1_4' title="bbox 97 4026 1221 4280">
    <p class='ocr_par' dir='ltr' id='par_1_4' title="bbox 97 4026 1221 4280">
     <span class='ocr_line' id='line_1_35' title="bbox 172 4026 1220 4098; baseline 0.004 -17"><span class='ocrx_word' id='word_1_271' title='bbox 172 4029 189 4092; x_wconf 91' lang='lat'>¹)</span> <span class='ocrx_word' id='word_1_272' title='bbox 207 4027 240 4082; x_wconf 82' lang='lat' dir='ltr'>cs.</span> <span class='ocrx_word' id='word_1_273' title='bbox 255 4028 431 4098; x_wconf 88' lang='lat' dir='ltr'>plebiscitum</span> <span class='ocrx_word' id='word_1_274' title='bbox 447 4026 657 4084; x_wconf 88' lang='lat' dir='ltr'>Atheniensium</span> <span class='ocrx_word' id='word_1_275' title='bbox 672 4029 700 4084; x_wconf 92' lang='lat' dir='ltr'>in</span> <span class='ocrx_word' id='word_1_276' title='bbox 715 4030 845 4086; x_wconf 90' lang='lat' dir='ltr'>honorem</span> <span class='ocrx_word' id='word_1_277' title='bbox 860 4031 1012 4088; x_wconf 86' lang='lat' dir='ltr'>Samiorum</span> <span class='ocrx_word' id='word_1_278' title='bbox 1032 4031 1134 4086; x_wconf 85' lang='lat' dir='ltr'>factum</span> <span class='ocrx_word' id='word_1_279' title='bbox 1149 4047 1220 4086; x_wconf 86' lang='lat' dir='ltr'>anno</span> 
     </span>
     <span class='ocr_line' id='line_1_36' title="bbox 97 4111 343 4180; baseline -0.028 1"><span class='ocrx_word' id='word_1_280' title='bbox 97 4111 165 4180; x_wconf 77' lang='lat' dir='ltr'>tan</span> <span class='ocrx_word' id='word_1_281' title='bbox 181 4117 238 4172; x_wconf 81' lang='lat' dir='ltr'>cm</span> <span class='ocrx_word' id='word_1_282' title='bbox 256 4119 283 4172; x_wconf 90' lang='lat'>11</span> <span class='ocrx_word' id='word_1_283' title='bbox 304 4120 343 4174; x_wconf 80' lang='lat' dir='ltr'>u.</span> 
     </span>
     <span class='ocr_line' id='line_1_37' title="bbox 171 4203 1221 4280; baseline 0.002 -20"><span class='ocrx_word' id='word_1_284' title='bbox 171 4203 240 4272; x_wconf 73' lang='lat' dir='ltr'>&#39;tlh</span> <span class='ocrx_word' id='word_1_285' title='bbox 260 4206 292 4262; x_wconf 86' lang='lat' dir='ltr'>G.</span> <span class='ocrx_word' id='word_1_286' title='bbox 311 4207 347 4276; x_wconf 87' lang='grc' dir='ltr'>ΙΙ,</span> <span class='ocrx_word' id='word_1_287' title='bbox 366 4209 391 4274; x_wconf 89' lang='grc'>2,</span> <span class='ocrx_word' id='word_1_288' title='bbox 411 4210 435 4265; x_wconf 86' lang='grc'>9.</span> <span class='ocrx_word' id='word_1_289' title='bbox 473 4210 539 4266; x_wconf 83' lang='lat' dir='ltr'>Cum</span> <span class='ocrx_word' id='word_1_290' title='bbox 559 4208 593 4264; x_wconf 89' lang='lat' dir='ltr'>ad</span> <span class='ocrx_word' id='word_1_291' title='bbox 617 4208 687 4265; x_wconf 85' lang='lat' dir='ltr'>elias</span> <span class='ocrx_word' id='word_1_292' title='bbox 707 4209 788 4266; x_wconf 88' lang='lat' dir='ltr'>urbes</span> <span class='ocrx_word' id='word_1_293' title='bbox 812 4217 868 4266; x_wconf 89' lang='lat' dir='ltr'>tum</span> <span class='ocrx_word' id='word_1_294' title='bbox 894 4211 930 4267; x_wconf 84' lang='lat' dir='ltr'>ad</span> <span class='ocrx_word' id='word_1_295' title='bbox 949 4209 1075 4266; x_wconf 87' lang='lat' dir='ltr'>Scionem</span> <span class='ocrx_word' id='word_1_296' title='bbox 1093 4213 1221 4280; x_wconf 80' lang='lat' dir='ltr'>spectant</span> 
     </span>
    </p>
   </div>
   <div class='ocr_carea' id='block_1_5' title="bbox 98 4286 1219 4530">
    <p class='ocr_par' dir='ltr' id='par_1_5' title="bbox 98 4286 1219 4530">
     <span class='ocr_line' id='line_1_38' title="bbox 98 4286 1219 4371; baseline 0.007 -27"><span class='ocrx_word' id='word_1_297' title='bbox 98 4289 168 4347; x_wconf 72' lang='lat' dir='ltr'>rats</span> <span class='ocrx_word' id='word_1_298' title='bbox 188 4297 233 4350; x_wconf 81' lang='grc' dir='ltr'>καὶ</span> <span class='ocrx_word' id='word_1_299' title='bbox 254 4303 314 4362; x_wconf 86' lang='grc' dir='ltr'><strong>τοῖς</strong></span> <span class='ocrx_word' id='word_1_300' title='bbox 336 4288 432 4362; x_wconf 79' lang='grc' dir='ltr'><strong><em>ἄλλοις</em></strong></span> <span class='ocrx_word' id='word_1_301' title='bbox 454 4286 517 4354; x_wconf 73' lang='lat' dir='ltr'>ticon</span> <span class='ocrx_word' id='word_1_302' title='bbox 540 4303 590 4367; x_wconf 82' lang='grc' dir='ltr'>τῆς</span> <span class='ocrx_word' id='word_1_303' title='bbox 612 4293 706 4355; x_wconf 81' lang='grc' dir='ltr'><strong><em>αὑτῶν</em></strong></span> <span class='ocrx_word' id='word_1_304' title='bbox 729 4294 890 4371; x_wconf 78' lang='grc' dir='ltr'><strong><em>ἐστέροντο.</em></strong></span> <span class='ocrx_word' id='word_1_305' title='bbox 928 4298 962 4354; x_wconf 87' lang='lat' dir='ltr'>ef.</span> <span class='ocrx_word' id='word_1_306' title='bbox 982 4300 1016 4366; x_wconf 89' lang='lat'>11,</span> <span class='ocrx_word' id='word_1_307' title='bbox 1035 4300 1061 4366; x_wconf 89' lang='grc'>2,</span> <span class='ocrx_word' id='word_1_308' title='bbox 1080 4299 1110 4368; x_wconf 81' lang='grc'>3;</span> <span class='ocrx_word' id='word_1_309' title='bbox 1134 4297 1219 4353; x_wconf 87' lang='lat' dir='ltr'>Thuc.</span> 
     </span>
     <span class='ocr_line' id='line_1_39' title="bbox 99 4374 1062 4530; baseline 0.015 -100"><span class='ocrx_word' id='word_1_310' title='bbox 99 4374 126 4442; x_wconf 75' lang='lat' dir='ltr'>V,</span> <span class='ocrx_word' id='word_1_311' title='bbox 141 4382 180 4448; x_wconf 79' lang='grc'>32,</span> <span class='ocrx_word' id='word_1_312' title='bbox 198 4387 220 4440; x_wconf 88' lang='lat' dir='ltr'>l.</span> <span class='ocrx_word' id='word_1_313' title='bbox 1024 4478 1062 4530; x_wconf 48' lang='lat'>3*</span> 
     </span>
    </p>
   </div>
   <div class='ocr_carea' id='block_1_6' title="bbox 0 0 1510 4896">
    <p class='ocr_par' dir='ltr' id='par_1_6' title="bbox 0 0 1510 4896">
     <span class='ocr_line' id='line_1_40' title="bbox 0 0 1510 4896; baseline 0 0"><span class='ocrx_word' id='word_1_314' title='bbox 0 0 1510 4896; x_wconf 95' lang='lat' dir='ltr'> </span> 
     </span>
    </p>
   </div>
  </div>
 </body>
</html>
