<?xml version="1.0" encoding="UTF-8"?>
<!DOCTYPE html PUBLIC "-//W3C//DTD XHTML 1.0 Transitional//EN"
    "http://www.w3.org/TR/xhtml1/DTD/xhtml1-transitional.dtd">
<html xmlns="http://www.w3.org/1999/xhtml" xml:lang="en" lang="en">
 <head>
  <title>
</title>
<meta http-equiv="Content-Type" content="text/html;charset=utf-8" />
  <meta name='ocr-system' content='tesseract 3.04.00' />
  <meta name='ocr-capabilities' content='ocr_page ocr_carea ocr_par ocr_line ocrx_word'/>
</head>
<body>
  <div class='ocr_page' id='page_1' title='image "./dissertationesp02unkngoog/dissertationesp02unkngoog_0722.png"; bbox 0 0 2982 4884; ppageno 0'>
   <div class='ocr_carea' id='block_1_1' title="bbox 527 357 1227 440">
    <p class='ocr_par' dir='ltr' id='par_1_1' title="bbox 527 357 1227 440">
     <span class='ocr_line' id='line_1_1' title="bbox 527 357 1227 440; baseline -0.006 -20"><span class='ocrx_word' id='word_1_1' title='bbox 527 393 571 404; x_wconf 93' lang='lat'>-</span> <span class='ocrx_word' id='word_1_2' title='bbox 618 359 701 440; x_wconf 74' lang='grc' dir='ltr'><strong><em>μοι]</em></strong></span> <span class='ocrx_word' id='word_1_3' title='bbox 749 391 792 402; x_wconf 85' lang='lat'>-</span> <span class='ocrx_word' id='word_1_4' title='bbox 1166 357 1227 417; x_wconf 81' lang='lat' dir='ltr'>arr</span> 
     </span>
    </p>
   </div>
   <div class='ocr_carea' id='block_1_2' title="bbox 86 539 1230 4346">
    <p class='ocr_par' dir='ltr' id='par_1_2' title="bbox 87 539 1229 1975">
     <span class='ocr_line' id='line_1_2' title="bbox 89 539 1226 630; baseline 0.001 -23"><span class='ocrx_word' id='word_1_5' title='bbox 89 543 363 630; x_wconf 67' lang='grc' dir='ltr'><strong><em>περιγενόμενος,</em></strong></span> <span class='ocrx_word' id='word_1_6' title='bbox 393 546 557 623; x_wconf 78' lang='grc' dir='ltr'><strong><em>ξυνέσεως</em></strong></span> <span class='ocrx_word' id='word_1_7' title='bbox 580 539 753 629; x_wconf 78' lang='grc' dir='ltr'><strong><em>ἀγώνισμα</em></strong></span> <span class='ocrx_word' id='word_1_8' title='bbox 777 543 1071 630; x_wconf 67' lang='grc' dir='ltr'><strong><em>προσελόμμανε.“</em></strong></span> <span class='ocrx_word' id='word_1_9' title='bbox 1121 541 1168 608; x_wconf 84' lang='grc' dir='ltr'>Τό</span> <span class='ocrx_word' id='word_1_10' title='bbox 1192 543 1226 608; x_wconf 77' lang='grc' dir='ltr'>δὲ</span> 
     </span>
     <span class='ocr_line' id='line_1_3' title="bbox 91 642 1226 736; baseline 0.001 -25"><span class='ocrx_word' id='word_1_11' title='bbox 91 646 333 732; x_wconf 70' lang='grc' dir='ltr'><strong><em>,παρατυχόν“</em></strong></span> <span class='ocrx_word' id='word_1_12' title='bbox 358 642 432 714; x_wconf 77' lang='grc' dir='ltr'><strong><em>ἀντὶ</em></strong></span> <span class='ocrx_word' id='word_1_13' title='bbox 455 656 516 714; x_wconf 85' lang='grc' dir='ltr'>τσῦ</span> <span class='ocrx_word' id='word_1_14' title='bbox 539 655 786 736; x_wconf 56' lang='grc' dir='ltr'><strong><em>,τιαραχρῆμω</em></strong></span> <span class='ocrx_word' id='word_1_15' title='bbox 812 663 918 714; x_wconf 85' lang='grc' dir='ltr'><strong><em>κεῖται</em></strong></span> <span class='ocrx_word' id='word_1_16' title='bbox 941 651 1011 714; x_wconf 84' lang='grc' dir='ltr'><strong><em>κτλ.</em></strong></span> <span class='ocrx_word' id='word_1_17' title='bbox 1056 649 1168 715; x_wconf 81' lang='lat' dir='ltr'>Verbis</span> <span class='ocrx_word' id='word_1_18' title='bbox 1190 647 1226 712; x_wconf 86' lang='grc' dir='ltr'>τό</span> 
     </span>
     <span class='ocr_line' id='line_1_4' title="bbox 89 753 1226 850; baseline 0 -34"><span class='ocrx_word' id='word_1_19' title='bbox 89 753 126 817; x_wconf 79' lang='grc' dir='ltr'>δὲ</span> <span class='ocrx_word' id='word_1_20' title='bbox 155 803 162 816; x_wconf 95' lang='grc'><strong>.</strong></span> <span class='ocrx_word' id='word_1_21' title='bbox 185 803 192 816; x_wconf 95' lang='grc'><strong>.</strong></span> <span class='ocrx_word' id='word_1_22' title='bbox 214 803 220 816; x_wconf 95' lang='grc'><strong>.</strong></span> <span class='ocrx_word' id='word_1_23' title='bbox 246 764 354 817; x_wconf 83' lang='grc' dir='ltr'><strong><em>κεῖται</em></strong></span> <span class='ocrx_word' id='word_1_24' title='bbox 375 753 479 836; x_wconf 87' lang='lat' dir='ltr'>iisque</span> <span class='ocrx_word' id='word_1_25' title='bbox 502 773 586 850; x_wconf 84' lang='lat' dir='ltr'>quae</span> <span class='ocrx_word' id='word_1_26' title='bbox 609 759 784 837; x_wconf 88' lang='lat' dir='ltr'>sequuntur</span> <span class='ocrx_word' id='word_1_27' title='bbox 807 773 936 820; x_wconf 84' lang='lat' dir='ltr'>oausam</span> <span class='ocrx_word' id='word_1_28' title='bbox 960 753 1131 832; x_wconf 78' lang='lat' dir='ltr'>contineri,</span> <span class='ocrx_word' id='word_1_29' title='bbox 1164 773 1226 834; x_wconf 85' lang='lat' dir='ltr'>qua</span> 
     </span>
     <span class='ocr_line' id='line_1_5' title="bbox 88 855 1227 940; baseline -0.002 -20"><span class='ocrx_word' id='word_1_30' title='bbox 88 863 269 921; x_wconf 77' lang='lat' dir='ltr'>commotus</span> <span class='ocrx_word' id='word_1_31' title='bbox 285 855 469 922; x_wconf 82' lang='lat' dir='ltr'><strong>obscuriora</strong></span> <span class='ocrx_word' id='word_1_32' title='bbox 481 855 577 920; x_wconf 88' lang='lat' dir='ltr'>etiam</span> <span class='ocrx_word' id='word_1_33' title='bbox 593 856 750 940; x_wconf 82' lang='lat' dir='ltr'>prioribus</span> <span class='ocrx_word' id='word_1_34' title='bbox 761 856 959 940; x_wconf 80' lang='lat' dir='ltr'>Thucydidis</span> <span class='ocrx_word' id='word_1_35' title='bbox 975 857 1082 922; x_wconf 80' lang='lat' dir='ltr'>verbis</span> <span class='ocrx_word' id='word_1_36' title='bbox 1094 875 1227 940; x_wconf 83' lang='lat' dir='ltr'>eaquae</span> 
     </span>
     <span class='ocr_line' id='line_1_6' title="bbox 88 958 1228 1043; baseline 0.001 -21"><span class='ocrx_word' id='word_1_37' title='bbox 88 958 185 1024; x_wconf 92' lang='lat' dir='ltr'>modo</span> <span class='ocrx_word' id='word_1_38' title='bbox 208 958 352 1024; x_wconf 81' lang='lat' dir='ltr'>laudarit</span> <span class='ocrx_word' id='word_1_39' title='bbox 371 959 545 1043; x_wconf 87' lang='lat' dir='ltr'>Dionysius</span> <span class='ocrx_word' id='word_1_40' title='bbox 561 958 686 1036; x_wconf 78' lang='lat' dir='ltr'>dixerit,</span> <span class='ocrx_word' id='word_1_41' title='bbox 714 958 919 1026; x_wconf 77' lang='lat' dir='ltr'>manifestum</span> <span class='ocrx_word' id='word_1_42' title='bbox 936 967 995 1026; x_wconf 90' lang='lat' dir='ltr'>est.</span> <span class='ocrx_word' id='word_1_43' title='bbox 1042 958 1150 1036; x_wconf 80' lang='lat' dir='ltr'>Quare</span> <span class='ocrx_word' id='word_1_44' title='bbox 1171 978 1228 1042; x_wconf 90' lang='lat' dir='ltr'>pro</span> 
     </span>
     <span class='ocr_line' id='line_1_7' title="bbox 88 1061 1229 1148; baseline 0 -21"><span class='ocrx_word' id='word_1_45' title='bbox 88 1063 136 1139; x_wconf 78' lang='grc' dir='ltr'>δέ,</span> <span class='ocrx_word' id='word_1_46' title='bbox 158 1062 246 1147; x_wconf 88' lang='lat' dir='ltr'>quod</span> <span class='ocrx_word' id='word_1_47' title='bbox 261 1083 340 1128; x_wconf 87' lang='lat' dir='ltr'>sano</span> <span class='ocrx_word' id='word_1_48' title='bbox 355 1082 453 1128; x_wconf 89' lang='lat' dir='ltr'>sensu</span> <span class='ocrx_word' id='word_1_49' title='bbox 469 1069 565 1142; x_wconf 85' lang='lat' dir='ltr'>earet,</span> <span class='ocrx_word' id='word_1_50' title='bbox 585 1063 707 1130; x_wconf 79' lang='lat' dir='ltr'>scribas</span> <span class='ocrx_word' id='word_1_51' title='bbox 724 1061 806 1148; x_wconf 85' lang='grc' dir='ltr'><strong><em>γάρ.</em></strong></span> <span class='ocrx_word' id='word_1_52' title='bbox 847 1063 938 1130; x_wconf 84' lang='lat' dir='ltr'><strong>Idem</strong></span> <span class='ocrx_word' id='word_1_53' title='bbox 954 1085 1042 1130; x_wconf 87' lang='lat' dir='ltr'>error</span> <span class='ocrx_word' id='word_1_54' title='bbox 1055 1063 1229 1148; x_wconf 83' lang='lat' dir='ltr'>particula-</span> 
     </span>
     <span class='ocr_line' id='line_1_8' title="bbox 89 1161 1229 1252; baseline -0.001 -21"><span class='ocrx_word' id='word_1_55' title='bbox 89 1187 162 1231; x_wconf 90' lang='lat' dir='ltr'>rum</span> <span class='ocrx_word' id='word_1_56' title='bbox 185 1165 223 1230; x_wconf 81' lang='grc' dir='ltr'>δέ</span> <span class='ocrx_word' id='word_1_57' title='bbox 253 1175 284 1231; x_wconf 91' lang='lat' dir='ltr'>et</span> <span class='ocrx_word' id='word_1_58' title='bbox 310 1162 373 1250; x_wconf 80' lang='grc' dir='ltr'>γάρ</span> <span class='ocrx_word' id='word_1_59' title='bbox 404 1165 607 1232; x_wconf 81' lang='lat' dir='ltr'>confusarum</span> <span class='ocrx_word' id='word_1_60' title='bbox 637 1167 771 1232; x_wconf 80' lang='lat' dir='ltr'>occurrit</span> <span class='ocrx_word' id='word_1_61' title='bbox 800 1188 832 1251; x_wconf 93' lang='lat' dir='ltr'>p.</span> <span class='ocrx_word' id='word_1_62' title='bbox 853 1172 963 1232; x_wconf 70' lang='lat'>100714</span> <span class='ocrx_word' id='word_1_63' title='bbox 995 1161 1073 1233; x_wconf 81' lang='grc' dir='ltr'><strong><em>οὐδὲ</em></strong></span> <span class='ocrx_word' id='word_1_64' title='bbox 1102 1163 1141 1252; x_wconf 76' lang='grc' dir='ltr'>δὴ</span> <span class='ocrx_word' id='word_1_65' title='bbox 1170 1173 1229 1230; x_wconf 80' lang='grc' dir='ltr'>τοῦ</span> 
     </span>
     <span class='ocr_line' id='line_1_9' title="bbox 89 1262 1223 1356; baseline 0.002 -24"><span class='ocrx_word' id='word_1_66' title='bbox 89 1274 287 1352; x_wconf 79' lang='grc' dir='ltr'><strong><em>,τρέποντας</em></strong></span> <span class='ocrx_word' id='word_1_67' title='bbox 310 1267 347 1334; x_wconf 78' lang='grc' dir='ltr'>ἐν</span> <span class='ocrx_word' id='word_1_68' title='bbox 370 1262 500 1334; x_wconf 78' lang='grc' dir='ltr'><strong><em>ότιασιν</em></strong></span> <span class='ocrx_word' id='word_1_69' title='bbox 528 1265 761 1352; x_wconf 78' lang='grc' dir='ltr'><strong><em>ἐπιτυγχάνει·</em></strong></span> <span class='ocrx_word' id='word_1_70' title='bbox 794 1265 950 1356; x_wconf 76' lang='grc' dir='ltr'><strong><em>ἀνθηρὰν</em></strong></span> <span class='ocrx_word' id='word_1_71' title='bbox 972 1267 1049 1354; x_wconf 82' lang='grc' dir='ltr'>γὰρ</span> <span class='ocrx_word' id='word_1_72' title='bbox 1077 1269 1124 1352; x_wconf 63' lang='lat' dir='ltr'>[db</span> <span class='ocrx_word' id='word_1_73' title='bbox 1147 1270 1223 1334; x_wconf 66' lang='lat' dir='ltr'>MR&#39;</span> 
     </span>
     <span class='ocr_line' id='line_1_10' title="bbox 88 1365 1223 1459; baseline -0.001 -24"><span class='ocrx_word' id='word_1_74' title='bbox 88 1373 147 1436; x_wconf 80' lang='grc' dir='ltr'>καὶ</span> <span class='ocrx_word' id='word_1_75' title='bbox 169 1368 357 1458; x_wconf 75' lang='grc' dir='ltr'><strong><em>θεατρικὴν</em></strong></span> <span class='ocrx_word' id='word_1_76' title='bbox 387 1367 575 1448; x_wconf 79' lang='grc' dir='ltr'><strong><em>ἐκπαντὸς</em></strong></span> <span class='ocrx_word' id='word_1_77' title='bbox 604 1365 707 1450; x_wconf 84' lang='grc' dir='ltr'><strong><em>όξιών</em></strong></span> <span class='ocrx_word' id='word_1_78' title='bbox 734 1366 822 1437; x_wconf 81' lang='grc' dir='ltr'><strong><em>εἶναι</em></strong></span> <span class='ocrx_word' id='word_1_79' title='bbox 856 1371 917 1459; x_wconf 77' lang='grc' dir='ltr'>την</span> <span class='ocrx_word' id='word_1_80' title='bbox 946 1369 1122 1438; x_wconf 81' lang='grc' dir='ltr'><strong><em>διάλεκτον</em></strong></span> <span class='ocrx_word' id='word_1_81' title='bbox 1148 1424 1153 1435; x_wconf 94' lang='grc'>.</span> <span class='ocrx_word' id='word_1_82' title='bbox 1183 1423 1189 1434; x_wconf 96' lang='grc'>.</span> <span class='ocrx_word' id='word_1_83' title='bbox 1218 1425 1223 1434; x_wconf 95' lang='grc'>.</span> 
     </span>
     <span class='ocr_line' id='line_1_11' title="bbox 89 1466 1229 1562; baseline 0.001 -23"><span class='ocrx_word' id='word_1_84' title='bbox 89 1471 319 1542; x_wconf 77' lang='grc' dir='ltr'><strong><em>ἀπολείπεταί</em></strong></span> <span class='ocrx_word' id='word_1_85' title='bbox 348 1499 432 1541; x_wconf 79' lang='grc' dir='ltr'><strong><em>ποτε</em></strong></span> <span class='ocrx_word' id='word_1_86' title='bbox 461 1483 522 1540; x_wconf 84' lang='grc' dir='ltr'>τοῦ</span> <span class='ocrx_word' id='word_1_87' title='bbox 551 1480 760 1560; x_wconf 76' lang='grc' dir='ltr'><strong><em>πρέποντσςε</em></strong></span> <span class='ocrx_word' id='word_1_88' title='bbox 801 1477 841 1542; x_wconf 79' lang='grc' dir='ltr'>σί.</span> <span class='ocrx_word' id='word_1_89' title='bbox 867 1498 899 1562; x_wconf 89' lang='lat' dir='ltr'>p.</span> <span class='ocrx_word' id='word_1_90' title='bbox 924 1481 1032 1542; x_wconf 78' lang='lat'>100610</span> <span class='ocrx_word' id='word_1_91' title='bbox 1063 1476 1155 1542; x_wconf 81' lang='grc' dir='ltr'><strong><em>ἔστιν</em></strong></span> <span class='ocrx_word' id='word_1_92' title='bbox 1183 1466 1229 1541; x_wconf 87' lang='grc' dir='ltr'>ών</span> 
     </span>
     <span class='ocr_line' id='line_1_12' title="bbox 87 1573 1228 1666; baseline 0.001 -23"><span class='ocrx_word' id='word_1_93' title='bbox 87 1575 133 1644; x_wconf 79' lang='grc' dir='ltr'>όν</span> <span class='ocrx_word' id='word_1_94' title='bbox 163 1603 215 1657; x_wconf 85' lang='grc' dir='ltr'><strong><em>τις</em></strong></span> <span class='ocrx_word' id='word_1_95' title='bbox 245 1573 351 1666; x_wconf 75' lang='grc' dir='ltr'><strong><em>αὐτην</em></strong></span> <span class='ocrx_word' id='word_1_96' title='bbox 379 1573 422 1656; x_wconf 84' lang='grc' dir='ltr'>ὡς</span> <span class='ocrx_word' id='word_1_97' title='bbox 452 1575 661 1644; x_wconf 75' lang='grc' dir='ltr'><strong><em>ἐλλιπόντων</em></strong></span> <span class='ocrx_word' id='word_1_98' title='bbox 689 1585 864 1663; x_wconf 80' lang='grc' dir='ltr'><strong><em>μέμψαιτο</em></strong></span> <span class='ocrx_word' id='word_1_99' title='bbox 896 1629 902 1644; x_wconf 93' lang='grc'>.</span> <span class='ocrx_word' id='word_1_100' title='bbox 933 1631 967 1644; x_wconf 92' lang='grc'>..</span> <span class='ocrx_word' id='word_1_101' title='bbox 1002 1587 1138 1664; x_wconf 80' lang='grc' dir='ltr'><strong><em>πρῶτον</em></strong></span> <span class='ocrx_word' id='word_1_102' title='bbox 1166 1581 1228 1662; x_wconf 78' lang='grc' dir='ltr'><strong><em>μὲν</em></strong></span> 
     </span>
     <span class='ocr_line' id='line_1_13' title="bbox 89 1680 1227 1771; baseline -0.001 -24"><span class='ocrx_word' id='word_1_103' title='bbox 89 1692 148 1771; x_wconf 71' lang='grc' dir='ltr'>τῆς</span> <span class='ocrx_word' id='word_1_104' title='bbox 179 1689 378 1766; x_wconf 82' lang='grc' dir='ltr'><strong><em>συντομίας·</em></strong></span> <span class='ocrx_word' id='word_1_105' title='bbox 412 1681 641 1770; x_wconf 77' lang='grc' dir='ltr'><strong><em>στοχαζομένη</em></strong></span> <span class='ocrx_word' id='word_1_106' title='bbox 673 1680 735 1767; x_wconf 84' lang='grc' dir='ltr'>γὰρ</span> <span class='ocrx_word' id='word_1_107' title='bbox 763 1734 768 1748; x_wconf 95' lang='grc'><strong><em>.</em></strong></span> <span class='ocrx_word' id='word_1_108' title='bbox 793 1733 827 1748; x_wconf 91' lang='grc'>..</span> <span class='ocrx_word' id='word_1_109' title='bbox 878 1688 987 1749; x_wconf 84' lang='grc' dir='ltr'><strong><em>1006ιι</em></strong></span> <span class='ocrx_word' id='word_1_110' title='bbox 1017 1682 1102 1766; x_wconf 82' lang='grc' dir='ltr'><strong><em>μετὰ</em></strong></span> <span class='ocrx_word' id='word_1_111' title='bbox 1129 1692 1227 1749; x_wconf 81' lang='grc' dir='ltr'><strong><em>τοῦτο</em></strong></span> 
     </span>
     <span class='ocr_line' id='line_1_14' title="bbox 88 1781 1227 1873; baseline 0.002 -23"><span class='ocrx_word' id='word_1_112' title='bbox 88 1795 149 1873; x_wconf 65' lang='grc' dir='ltr'>τῆς</span> <span class='ocrx_word' id='word_1_113' title='bbox 173 1793 385 1873; x_wconf 75' lang='grc' dir='ltr'><strong><em>συστροφῆς·</em></strong></span> <span class='ocrx_word' id='word_1_114' title='bbox 418 1781 524 1852; x_wconf 76' lang='grc' dir='ltr'><strong><em>ὑπτία</em></strong></span> <span class='ocrx_word' id='word_1_115' title='bbox 547 1783 610 1870; x_wconf 87' lang='grc' dir='ltr'>γάρ</span> <span class='ocrx_word' id='word_1_116' title='bbox 635 1785 737 1852; x_wconf 79' lang='grc' dir='ltr'><strong><em>ἐστιν.</em></strong></span> <span class='ocrx_word' id='word_1_117' title='bbox 784 1787 834 1853; x_wconf 85' lang='grc' dir='ltr'><strong><em>Ι)ε</em></strong></span> <span class='ocrx_word' id='word_1_118' title='bbox 856 1788 921 1853; x_wconf 90' lang='lat' dir='ltr'>alio</span> <span class='ocrx_word' id='word_1_119' title='bbox 943 1787 1086 1854; x_wconf 89' lang='lat' dir='ltr'>eiusdem</span> <span class='ocrx_word' id='word_1_120' title='bbox 1112 1788 1227 1854; x_wconf 87' lang='lat' dir='ltr'>erroris</span> 
     </span>
     <span class='ocr_line' id='line_1_15' title="bbox 88 1888 1224 1975; baseline 0 -21"><span class='ocrx_word' id='word_1_121' title='bbox 88 1891 240 1974; x_wconf 86' lang='lat' dir='ltr'>exemplo</span> <span class='ocrx_word' id='word_1_122' title='bbox 262 1889 336 1955; x_wconf 86' lang='lat' dir='ltr'>vide</span> <span class='ocrx_word' id='word_1_123' title='bbox 356 1911 440 1973; x_wconf 84' lang='lat' dir='ltr'>quae</span> <span class='ocrx_word' id='word_1_124' title='bbox 462 1888 547 1954; x_wconf 88' lang='lat' dir='ltr'>infra</span> <span class='ocrx_word' id='word_1_125' title='bbox 568 1909 643 1974; x_wconf 84' lang='lat' dir='ltr'>pag.</span> <span class='ocrx_word' id='word_1_126' title='bbox 659 1893 721 1955; x_wconf 79' lang='lat'>223</span> <span class='ocrx_word' id='word_1_127' title='bbox 745 1890 851 1956; x_wconf 86' lang='lat' dir='ltr'>dicam</span> <span class='ocrx_word' id='word_1_128' title='bbox 874 1891 916 1955; x_wconf 90' lang='lat' dir='ltr'>ad</span> <span class='ocrx_word' id='word_1_129' title='bbox 937 1911 969 1975; x_wconf 91' lang='lat' dir='ltr'>p.</span> <span class='ocrx_word' id='word_1_130' title='bbox 988 1895 1065 1957; x_wconf 72' lang='grc' dir='ltr'>98οι</span> <span class='ocrx_word' id='word_1_131' title='bbox 1088 1909 1174 1957; x_wconf 83' lang='lat' dir='ltr'>vers.</span> <span class='ocrx_word' id='word_1_132' title='bbox 1195 1894 1224 1954; x_wconf 82' lang='grc'>7.</span> 
     </span>
    </p>

    <p class='ocr_par' dir='ltr' id='par_1_3' title="bbox 86 1987 1230 4038">
     <span class='ocr_line' id='line_1_16' title="bbox 177 1987 1226 2078; baseline 0 -22"><span class='ocrx_word' id='word_1_133' title='bbox 177 2013 211 2077; x_wconf 91' lang='lat' dir='ltr'>p.</span> <span class='ocrx_word' id='word_1_134' title='bbox 231 1994 337 2056; x_wconf 69' lang='lat' dir='ltr'>sanos</span> <span class='ocrx_word' id='word_1_135' title='bbox 360 1989 486 2068; x_wconf 79' lang='grc' dir='ltr'><strong><em>Διόσός</em></strong></span> <span class='ocrx_word' id='word_1_136' title='bbox 509 1989 547 2078; x_wconf 77' lang='grc' dir='ltr'>δὴ</span> <span class='ocrx_word' id='word_1_137' title='bbox 571 1989 608 2056; x_wconf 90' lang='grc' dir='ltr'>τὸ</span> <span class='ocrx_word' id='word_1_138' title='bbox 633 1999 778 2077; x_wconf 77' lang='grc' dir='ltr'><strong><em>πρῶτον.</em></strong></span> <span class='ocrx_word' id='word_1_139' title='bbox 806 1988 919 2076; x_wconf 66' lang='grc' dir='ltr'><strong><em>ὥσπερ</em></strong></span> <span class='ocrx_word' id='word_1_140' title='bbox 943 1995 997 2057; x_wconf 79' lang='grc' dir='ltr'>καί</span> <span class='ocrx_word' id='word_1_141' title='bbox 1025 1987 1100 2058; x_wconf 84' lang='grc' dir='ltr'><strong><em>κατ’</em></strong></span> <span class='ocrx_word' id='word_1_142' title='bbox 1120 1987 1226 2076; x_wconf 80' lang='grc' dir='ltr'><strong><em>ἀρχὰς</em></strong></span> 
     </span>
     <span class='ocr_line' id='line_1_17' title="bbox 89 2089 1225 2182; baseline 0 -22"><span class='ocrx_word' id='word_1_143' title='bbox 89 2095 190 2182; x_wconf 72' lang='grc' dir='ltr'><strong><em>ἔφην,</em></strong></span> <span class='ocrx_word' id='word_1_144' title='bbox 217 2093 254 2160; x_wconf 86' lang='grc' dir='ltr'>τό</span> <span class='ocrx_word' id='word_1_145' title='bbox 279 2093 441 2182; x_wconf 70' lang='grc' dir='ltr'><strong><em>μερίτην</em></strong></span> <span class='ocrx_word' id='word_1_146' title='bbox 470 2089 604 2179; x_wconf 71' lang='grc' dir='ltr'><strong><em>εὕρεσιν</em></strong></span> <span class='ocrx_word' id='word_1_147' title='bbox 632 2103 693 2162; x_wconf 83' lang='grc' dir='ltr'>τοῦ</span> <span class='ocrx_word' id='word_1_148' title='bbox 722 2101 943 2182; x_wconf 78' lang='grc' dir='ltr'><strong><em>συγγραφέως</em></strong></span> <span class='ocrx_word' id='word_1_149' title='bbox 973 2092 1135 2178; x_wconf 76' lang='grc' dir='ltr'><strong><em>εὔστοχον</em></strong></span> <span class='ocrx_word' id='word_1_150' title='bbox 1161 2147 1166 2158; x_wconf 93' lang='grc'><em>.</em></span> <span class='ocrx_word' id='word_1_151' title='bbox 1189 2147 1195 2160; x_wconf 95' lang='grc'><strong>.</strong></span> <span class='ocrx_word' id='word_1_152' title='bbox 1219 2148 1225 2160; x_wconf 85' lang='lat'>.</span> 
     </span>
     <span class='ocr_line' id='line_1_18' title="bbox 88 2193 1228 2284; baseline -0.001 -20"><span class='ocrx_word' id='word_1_153' title='bbox 88 2197 242 2282; x_wconf 75' lang='grc' dir='ltr'><strong><em>θάτερον</em></strong></span> <span class='ocrx_word' id='word_1_154' title='bbox 258 2193 368 2264; x_wconf 81' lang='grc' dir='ltr'><strong><em>σιάἑτι</em></strong></span> <span class='ocrx_word' id='word_1_155' title='bbox 384 2197 515 2280; x_wconf 80' lang='grc' dir='ltr'><strong><em>δίδωμι,</em></strong></span> <span class='ocrx_word' id='word_1_156' title='bbox 531 2195 569 2262; x_wconf 85' lang='grc' dir='ltr'>τό</span> <span class='ocrx_word' id='word_1_157' title='bbox 587 2201 666 2282; x_wconf 81' lang='grc' dir='ltr'><strong><em>περὶ</em></strong></span> <span class='ocrx_word' id='word_1_158' title='bbox 682 2197 742 2276; x_wconf 87' lang='grc' dir='ltr'>τὰς</span> <span class='ocrx_word' id='word_1_159' title='bbox 759 2198 952 2281; x_wconf 82' lang='grc' dir='ltr'><strong><em>οἰκονομίας</em></strong></span> <span class='ocrx_word' id='word_1_160' title='bbox 969 2193 1059 2284; x_wconf 80' lang='grc' dir='ltr'><strong><em>αὐτῷ</em></strong></span> <span class='ocrx_word' id='word_1_161' title='bbox 1075 2197 1228 2282; x_wconf 80' lang='grc' dir='ltr'><strong><em>τεχνικόν</em></strong></span> 
     </span>
     <span class='ocr_line' id='line_1_19' title="bbox 88 2295 1227 2389; baseline -0.001 -22"><span class='ocrx_word' id='word_1_162' title='bbox 88 2299 181 2388; x_wconf 69' lang='grc' dir='ltr'><strong><em>πλὴν</em></strong></span> <span class='ocrx_word' id='word_1_163' title='bbox 205 2295 260 2366; x_wconf 76' lang='grc' dir='ltr'>ἐπ’</span> <span class='ocrx_word' id='word_1_164' title='bbox 280 2295 403 2386; x_wconf 83' lang='grc' dir='ltr'><strong><em>ὀλίγων</em></strong></span> <span class='ocrx_word' id='word_1_165' title='bbox 425 2299 518 2367; x_wconf 81' lang='grc' dir='ltr'><strong><em>πάνυ</em></strong></span> <span class='ocrx_word' id='word_1_166' title='bbox 533 2301 754 2389; x_wconf 75' lang='grc' dir='ltr'><strong><em>δημηγοριῶν.</em></strong></span> <span class='ocrx_word' id='word_1_167' title='bbox 795 2302 947 2368; x_wconf 85' lang='lat' dir='ltr'>Reiskius</span> <span class='ocrx_word' id='word_1_168' title='bbox 963 2322 1020 2368; x_wconf 89' lang='lat' dir='ltr'>suo</span> <span class='ocrx_word' id='word_1_169' title='bbox 1036 2303 1105 2368; x_wconf 87' lang='lat' dir='ltr'>iure</span> <span class='ocrx_word' id='word_1_170' title='bbox 1121 2303 1154 2368; x_wconf 90' lang='lat' dir='ltr'>in</span> <span class='ocrx_word' id='word_1_171' title='bbox 1169 2302 1227 2366; x_wconf 87' lang='lat' dir='ltr'>da-</span> 
     </span>
     <span class='ocr_line' id='line_1_20' title="bbox 86 2399 1228 2491; baseline -0.002 -19"><span class='ocrx_word' id='word_1_172' title='bbox 86 2407 156 2472; x_wconf 81' lang='lat' dir='ltr'>tivo</span> <span class='ocrx_word' id='word_1_173' title='bbox 172 2399 264 2490; x_wconf 79' lang='grc' dir='ltr'><strong><em>αὐτῷ</em></strong></span> <span class='ocrx_word' id='word_1_174' title='bbox 286 2405 428 2484; x_wconf 84' lang='lat' dir='ltr'>offendit,</span> <span class='ocrx_word' id='word_1_175' title='bbox 455 2425 561 2488; x_wconf 88' lang='lat' dir='ltr'>neque</span> <span class='ocrx_word' id='word_1_176' title='bbox 576 2405 681 2472; x_wconf 91' lang='lat' dir='ltr'>minus</span> <span class='ocrx_word' id='word_1_177' title='bbox 704 2412 800 2489; x_wconf 86' lang='lat' dir='ltr'>reete,</span> <span class='ocrx_word' id='word_1_178' title='bbox 819 2426 901 2489; x_wconf 87' lang='lat' dir='ltr'>quae</span> <span class='ocrx_word' id='word_1_179' title='bbox 916 2406 971 2472; x_wconf 92' lang='lat' dir='ltr'>ille</span> <span class='ocrx_word' id='word_1_180' title='bbox 987 2406 1152 2491; x_wconf 85' lang='lat' dir='ltr'>proposuit</span> <span class='ocrx_word' id='word_1_181' title='bbox 1169 2399 1228 2470; x_wconf 79' lang='grc' dir='ltr'><strong><em>αιί-</em></strong></span> 
     </span>
     <span class='ocr_line' id='line_1_21' title="bbox 88 2502 1229 2594; baseline 0 -20"><span class='ocrx_word' id='word_1_182' title='bbox 88 2517 157 2574; x_wconf 78' lang='grc' dir='ltr'><strong><em>ιῶν</em></strong></span> <span class='ocrx_word' id='word_1_183' title='bbox 186 2509 281 2588; x_wconf 74' lang='grc' dir='ltr'><strong><em>,τελλ</em></strong></span> <span class='ocrx_word' id='word_1_184' title='bbox 307 2502 528 2594; x_wconf 75' lang='grc' dir='ltr'><strong><em>εὑρεθέντων,</em></strong></span> <span class='ocrx_word' id='word_1_185' title='bbox 555 2508 640 2592; x_wconf 92' lang='lat' dir='ltr'>quod</span> <span class='ocrx_word' id='word_1_186' title='bbox 668 2510 857 2574; x_wconf 85' lang='lat' dir='ltr'>vocabulum</span> <span class='ocrx_word' id='word_1_187' title='bbox 886 2510 1013 2576; x_wconf 90' lang='lat' dir='ltr'>tametsi</span> <span class='ocrx_word' id='word_1_188' title='bbox 1042 2530 1105 2574; x_wconf 92' lang='lat' dir='ltr'>non</span> <span class='ocrx_word' id='word_1_189' title='bbox 1135 2530 1229 2593; x_wconf 83' lang='lat' dir='ltr'>prae-</span> 
     </span>
     <span class='ocr_line' id='line_1_22' title="bbox 89 2607 1228 2696; baseline -0.003 -17"><span class='ocrx_word' id='word_1_190' title='bbox 89 2614 206 2690; x_wconf 83' lang='lat' dir='ltr'>cessit,</span> <span class='ocrx_word' id='word_1_191' title='bbox 233 2611 328 2678; x_wconf 86' lang='lat' dir='ltr'>faoile</span> <span class='ocrx_word' id='word_1_192' title='bbox 351 2619 460 2678; x_wconf 89' lang='lat' dir='ltr'>tamen</span> <span class='ocrx_word' id='word_1_193' title='bbox 483 2631 501 2678; x_wconf 87' lang='lat' dir='ltr'>e</span> <span class='ocrx_word' id='word_1_194' title='bbox 524 2631 594 2678; x_wconf 83' lang='lat' dir='ltr'>voe.</span> <span class='ocrx_word' id='word_1_195' title='bbox 621 2607 754 2696; x_wconf 73' lang='grc' dir='ltr'><strong><em>εὕρεσιν</em></strong></span> <span class='ocrx_word' id='word_1_196' title='bbox 782 2612 1016 2677; x_wconf 80' lang='lat' dir='ltr'>subandiatur“</span> <span class='ocrx_word' id='word_1_197' title='bbox 1047 2612 1100 2677; x_wconf 82' lang='lat' dir='ltr'>vel</span> <span class='ocrx_word' id='word_1_198' title='bbox 1123 2613 1228 2677; x_wconf 86' lang='lat' dir='ltr'>verbis</span> 
     </span>
     <span class='ocr_line' id='line_1_23' title="bbox 89 2709 1228 2801; baseline -0.004 -19"><span class='ocrx_word' id='word_1_199' title='bbox 89 2715 297 2801; x_wconf 80' lang='lat' dir='ltr'>transpositis</span> <span class='ocrx_word' id='word_1_200' title='bbox 319 2713 470 2798; x_wconf 76' lang='grc' dir='ltr'><strong><em>θάτερον</em></strong></span> <span class='ocrx_word' id='word_1_201' title='bbox 492 2709 603 2780; x_wconf 82' lang='grc' dir='ltr'><strong><em>οὐκέτι</em></strong></span> <span class='ocrx_word' id='word_1_202' title='bbox 626 2713 747 2796; x_wconf 81' lang='grc' dir='ltr'><strong><em>δίδωμι</em></strong></span> <span class='ocrx_word' id='word_1_203' title='bbox 771 2709 870 2798; x_wconf 77' lang='grc' dir='ltr'><strong><em>αὐτῷ.</em></strong></span> <span class='ocrx_word' id='word_1_204' title='bbox 898 2712 934 2778; x_wconf 87' lang='grc' dir='ltr'>τὸ</span> <span class='ocrx_word' id='word_1_205' title='bbox 959 2716 1037 2797; x_wconf 80' lang='grc' dir='ltr'><strong><em>περὶ</em></strong></span> <span class='ocrx_word' id='word_1_206' title='bbox 1061 2711 1121 2790; x_wconf 81' lang='grc' dir='ltr'>τὰς</span> <span class='ocrx_word' id='word_1_207' title='bbox 1137 2713 1228 2778; x_wconf 87' lang='grc' dir='ltr'><strong><em>σίκυ-</em></strong></span> 
     </span>
     <span class='ocr_line' id='line_1_24' title="bbox 88 2816 1226 2902; baseline -0.004 -17"><span class='ocrx_word' id='word_1_208' title='bbox 88 2825 213 2902; x_wconf 85' lang='grc' dir='ltr'><strong><em>νομίας</em></strong></span> <span class='ocrx_word' id='word_1_209' title='bbox 228 2816 391 2901; x_wconf 85' lang='grc' dir='ltr'><strong><em>τεχνικόν,</em></strong></span> <span class='ocrx_word' id='word_1_210' title='bbox 418 2839 458 2884; x_wconf 87' lang='lat' dir='ltr'>ea</span> <span class='ocrx_word' id='word_1_211' title='bbox 473 2818 659 2901; x_wconf 85' lang='lat' dir='ltr'>Krnegerns</span> <span class='ocrx_word' id='word_1_212' title='bbox 675 2818 795 2884; x_wconf 82' lang='lat' dir='ltr'>reiecit.</span> <span class='ocrx_word' id='word_1_213' title='bbox 835 2818 981 2883; x_wconf 82' lang='lat' dir='ltr'>Dativus.</span> <span class='ocrx_word' id='word_1_214' title='bbox 1009 2817 1042 2882; x_wconf 93' lang='lat' dir='ltr'>ni</span> <span class='ocrx_word' id='word_1_215' title='bbox 1056 2817 1161 2883; x_wconf 85' lang='lat' dir='ltr'>fallor.</span> <span class='ocrx_word' id='word_1_216' title='bbox 1188 2837 1226 2884; x_wconf 86' lang='lat' dir='ltr'>ex</span> 
     </span>
     <span class='ocr_line' id='line_1_25' title="bbox 88 2915 1226 3007; baseline -0.002 -20"><span class='ocrx_word' id='word_1_217' title='bbox 88 2925 190 2990; x_wconf 81' lang='lat' dir='ltr'>verbo</span> <span class='ocrx_word' id='word_1_218' title='bbox 213 2921 334 3006; x_wconf 78' lang='grc' dir='ltr'><strong><em>δίδωμι</em></strong></span> <span class='ocrx_word' id='word_1_219' title='bbox 356 2921 512 3005; x_wconf 84' lang='lat' dir='ltr'>originem</span> <span class='ocrx_word' id='word_1_220' title='bbox 535 2920 639 2986; x_wconf 84' lang='lat' dir='ltr'>duxit:</span> <span class='ocrx_word' id='word_1_221' title='bbox 672 2921 848 3004; x_wconf 82' lang='lat' dir='ltr'>genitivum</span> <span class='ocrx_word' id='word_1_222' title='bbox 872 2915 977 2986; x_wconf 78' lang='grc' dir='ltr'><strong><em>αὐτοῦ</em></strong></span> <span class='ocrx_word' id='word_1_223' title='bbox 996 2919 1103 3007; x_wconf 59' lang='lat' dir='ltr'>&#39;fuisse</span> <span class='ocrx_word' id='word_1_224' title='bbox 1129 2922 1226 2986; x_wconf 82' lang='lat' dir='ltr'>rerba</span> 
     </span>
     <span class='ocr_line' id='line_1_26' title="bbox 89 3025 1227 3112; baseline -0.004 -20"><span class='ocrx_word' id='word_1_225' title='bbox 89 3026 319 3112; x_wconf 87' lang='lat' dir='ltr'>respondentia</span> <span class='ocrx_word' id='word_1_226' title='bbox 341 3031 402 3090; x_wconf 80' lang='grc' dir='ltr'>τοῦ</span> <span class='ocrx_word' id='word_1_227' title='bbox 424 3029 646 3109; x_wconf 83' lang='grc' dir='ltr'><strong><em>συγγραφέως</em></strong></span> <span class='ocrx_word' id='word_1_228' title='bbox 668 3025 816 3109; x_wconf 90' lang='lat' dir='ltr'>probant.</span> <span class='ocrx_word' id='word_1_229' title='bbox 857 3025 1028 3090; x_wconf 83' lang='lat' dir='ltr'>Latissinre</span> <span class='ocrx_word' id='word_1_230' title='bbox 1051 3025 1111 3090; x_wconf 86' lang='lat' dir='ltr'>hoe</span> <span class='ocrx_word' id='word_1_231' title='bbox 1134 3025 1227 3089; x_wconf 89' lang='lat' dir='ltr'>vitio-</span> 
     </span>
     <span class='ocr_line' id='line_1_27' title="bbox 90 3128 1227 3214; baseline -0.003 -18"><span class='ocrx_word' id='word_1_232' title='bbox 90 3151 160 3196; x_wconf 89' lang='lat' dir='ltr'>rum</span> <span class='ocrx_word' id='word_1_233' title='bbox 191 3149 293 3214; x_wconf 84' lang='lat' dir='ltr'>genns</span> <span class='ocrx_word' id='word_1_234' title='bbox 324 3136 428 3214; x_wconf 84' lang='lat' dir='ltr'>patet:</span> <span class='ocrx_word' id='word_1_235' title='bbox 466 3129 500 3192; x_wconf 92' lang='lat' dir='ltr'>in</span> <span class='ocrx_word' id='word_1_236' title='bbox 531 3147 593 3210; x_wconf 89' lang='lat' dir='ltr'>quo</span> <span class='ocrx_word' id='word_1_237' title='bbox 622 3147 848 3211; x_wconf 86' lang='lat' dir='ltr'>nonnunquam</span> <span class='ocrx_word' id='word_1_238' title='bbox 879 3128 1056 3194; x_wconf 79' lang='lat' dir='ltr'>cavendum</span> <span class='ocrx_word' id='word_1_239' title='bbox 1086 3135 1153 3206; x_wconf 90' lang='lat' dir='ltr'>est,</span> <span class='ocrx_word' id='word_1_240' title='bbox 1187 3147 1227 3193; x_wconf 87' lang='lat' dir='ltr'>ne</span> 
     </span>
     <span class='ocr_line' id='line_1_28' title="bbox 91 3230 1223 3314; baseline -0.004 -14"><span class='ocrx_word' id='word_1_241' title='bbox 91 3235 177 3300; x_wconf 84' lang='lat' dir='ltr'>falsa</span> <span class='ocrx_word' id='word_1_242' title='bbox 192 3233 330 3298; x_wconf 81' lang='lat' dir='ltr'>lectione</span> <span class='ocrx_word' id='word_1_243' title='bbox 342 3232 546 3297; x_wconf 86' lang='lat' dir='ltr'>oonieoturae</span> <span class='ocrx_word' id='word_1_244' title='bbox 557 3230 743 3298; x_wconf 79' lang='lat' dir='ltr'>fulciantur.</span> <span class='ocrx_word' id='word_1_245' title='bbox 768 3230 876 3308; x_wconf 80' lang='lat' dir='ltr'>Quare</span> <span class='ocrx_word' id='word_1_246' title='bbox 889 3230 995 3296; x_wconf 82' lang='lat' dir='ltr'>tacere</span> <span class='ocrx_word' id='word_1_247' title='bbox 1007 3251 1070 3295; x_wconf 92' lang='lat' dir='ltr'>non</span> <span class='ocrx_word' id='word_1_248' title='bbox 1082 3249 1223 3314; x_wconf 84' lang='lat' dir='ltr'>possum,</span> 
     </span>
     <span class='ocr_line' id='line_1_29' title="bbox 88 3332 1228 3420; baseline -0.003 -19"><span class='ocrx_word' id='word_1_249' title='bbox 88 3337 167 3420; x_wconf 87' lang='lat' dir='ltr'>quin</span> <span class='ocrx_word' id='word_1_250' title='bbox 183 3337 222 3400; x_wconf 82' lang='grc' dir='ltr'>Α.</span> <span class='ocrx_word' id='word_1_251' title='bbox 242 3335 440 3416; x_wconf 83' lang='lat' dir='ltr'>Kiesslingio</span> <span class='ocrx_word' id='word_1_252' title='bbox 462 3334 624 3416; x_wconf 86' lang='lat' dir='ltr'>obloquar,</span> <span class='ocrx_word' id='word_1_253' title='bbox 651 3335 705 3417; x_wconf 89' lang='lat' dir='ltr'>qui</span> <span class='ocrx_word' id='word_1_254' title='bbox 728 3355 761 3419; x_wconf 91' lang='lat' dir='ltr'>p.</span> <span class='ocrx_word' id='word_1_255' title='bbox 778 3337 904 3398; x_wconf 81' lang='lat' dir='ltr'>1027oss</span> <span class='ocrx_word' id='word_1_256' title='bbox 919 3333 1131 3398; x_wconf 85' lang='lat' dir='ltr'>Ambrosiano</span> <span class='ocrx_word' id='word_1_257' title='bbox 1146 3332 1228 3399; x_wconf 86' lang='lat' dir='ltr'>duee</span> 
     </span>
     <span class='ocr_line' id='line_1_30' title="bbox 89 3426 1229 3521; baseline -0.004 -16"><span class='ocrx_word' id='word_1_258' title='bbox 89 3437 255 3506; x_wconf 74' lang='lat' dir='ltr'>inscribi</span> <span class='ocrx_word' id='word_1_259' title='bbox 278 3437 346 3502; x_wconf 85' lang='lat' dir='ltr'>vult</span> <span class='ocrx_word' id='word_1_260' title='bbox 374 3439 406 3519; x_wconf 60' lang='lat' dir='ltr'>pl.</span> <span class='ocrx_word' id='word_1_261' title='bbox 428 3438 451 3501; x_wconf 90' lang='grc'>1.</span> <span class='ocrx_word' id='word_1_262' title='bbox 477 3457 509 3521; x_wconf 93' lang='lat' dir='ltr'>p.</span> <span class='ocrx_word' id='word_1_263' title='bbox 529 3439 620 3518; x_wconf 79' lang='grc'>249);</span> <span class='ocrx_word' id='word_1_264' title='bbox 647 3430 664 3501; x_wconf 88' lang='grc' dir='ltr'>ὁ</span> <span class='ocrx_word' id='word_1_265' title='bbox 689 3437 892 3518; x_wconf 85' lang='grc' dir='ltr'><strong><em>Μενέξενος,</em></strong></span> <span class='ocrx_word' id='word_1_266' title='bbox 920 3434 957 3501; x_wconf 79' lang='grc' dir='ltr'>ἐν</span> <span class='ocrx_word' id='word_1_267' title='bbox 979 3426 1005 3520; x_wconf 79' lang='grc' dir='ltr'>ᾧ</span> <span class='ocrx_word' id='word_1_268' title='bbox 1028 3434 1088 3500; x_wconf 85' lang='grc' dir='ltr'>τόν</span> <span class='ocrx_word' id='word_1_269' title='bbox 1110 3433 1229 3500; x_wconf 76' lang='grc' dir='ltr'><strong><em>ἐπιτά-</em></strong></span> 
     </span>
     <span class='ocr_line' id='line_1_31' title="bbox 90 3533 1230 3629; baseline -0.004 -23"><span class='ocrx_word' id='word_1_270' title='bbox 90 3565 174 3629; x_wconf 80' lang='grc' dir='ltr'><strong><em>φιον</em></strong></span> <span class='ocrx_word' id='word_1_271' title='bbox 190 3540 395 3624; x_wconf 79' lang='grc' dir='ltr'><strong><em>διεξέρχεται</em></strong></span> <span class='ocrx_word' id='word_1_272' title='bbox 411 3538 521 3623; x_wconf 90' lang='grc' dir='ltr'><strong><em>λόγον,</em></strong></span> <span class='ocrx_word' id='word_1_273' title='bbox 541 3533 585 3615; x_wconf 85' lang='grc' dir='ltr'>ὡς</span> <span class='ocrx_word' id='word_1_274' title='bbox 600 3538 663 3620; x_wconf 82' lang='grc' dir='ltr'><strong><em>μὲν</em></strong></span> <span class='ocrx_word' id='word_1_275' title='bbox 678 3537 752 3620; x_wconf 77' lang='grc' dir='ltr'><strong><em>ἐμοὶ</em></strong></span> <span class='ocrx_word' id='word_1_276' title='bbox 768 3538 870 3616; x_wconf 85' lang='grc' dir='ltr'><strong><em>δοκεῖ,</em></strong></span> <span class='ocrx_word' id='word_1_277' title='bbox 892 3538 1101 3624; x_wconf 83' lang='grc' dir='ltr'><strong><em>Θουιοόίόην</em></strong></span> <span class='ocrx_word' id='word_1_278' title='bbox 1116 3561 1230 3622; x_wconf 81' lang='grc' dir='ltr'><strong><em>παρα-</em></strong></span> 
     </span>
     <span class='ocr_line' id='line_1_32' title="bbox 88 3636 1228 3729; baseline -0.003 -19"><span class='ocrx_word' id='word_1_279' title='bbox 88 3640 307 3728; x_wconf 82' lang='grc' dir='ltr'><strong><em>μιμούμενος,</em></strong></span> <span class='ocrx_word' id='word_1_280' title='bbox 334 3636 379 3719; x_wconf 84' lang='grc' dir='ltr'>ὡς</span> <span class='ocrx_word' id='word_1_281' title='bbox 401 3636 435 3707; x_wconf 75' lang='grc' dir='ltr'>δ’</span> <span class='ocrx_word' id='word_1_282' title='bbox 454 3637 556 3719; x_wconf 83' lang='grc' dir='ltr'><strong><em>αὐτός</em></strong></span> <span class='ocrx_word' id='word_1_283' title='bbox 579 3663 693 3728; x_wconf 83' lang='grc' dir='ltr'><strong><em>φησιν,</em></strong></span> <span class='ocrx_word' id='word_1_284' title='bbox 719 3639 862 3726; x_wconf 63' lang='grc' dir='ltr'><strong><em>Ἀρχίνῳ</em></strong></span> <span class='ocrx_word' id='word_1_285' title='bbox 885 3643 941 3706; x_wconf 86' lang='grc' dir='ltr'><strong><em>καλ</em></strong></span> <span class='ocrx_word' id='word_1_286' title='bbox 963 3646 1072 3708; x_wconf 90' lang='grc' dir='ltr'><strong><em>Δίωνι</em></strong></span> <span class='ocrx_word' id='word_1_287' title='bbox 1087 3636 1228 3729; x_wconf 80' lang='grc' dir='ltr'><strong><em>(ἀγωνι-</em></strong></span> 
     </span>
     <span class='ocr_line' id='line_1_33' title="bbox 89 3743 1229 3832; baseline -0.004 -18"><span class='ocrx_word' id='word_1_288' title='bbox 89 3747 296 3831; x_wconf 64' lang='lat' dir='ltr'>{spemve}</span> <span class='ocrx_word' id='word_1_289' title='bbox 309 3743 601 3832; x_wconf 82' lang='grc' dir='ltr'><strong><em>διαμιλλώμενος).</em></strong></span> <span class='ocrx_word' id='word_1_290' title='bbox 633 3745 742 3810; x_wconf 87' lang='lat' dir='ltr'>Dutivi</span> <span class='ocrx_word' id='word_1_291' title='bbox 753 3744 1229 3828; x_wconf 86' lang='lat' dir='ltr'>meaquidemsententiasori-</span> 
     </span>
     <span class='ocr_line' id='line_1_34' title="bbox 89 3848 1226 3934; baseline -0.005 -16"><span class='ocrx_word' id='word_1_292' title='bbox 89 3855 150 3918; x_wconf 88' lang='lat' dir='ltr'>bae</span> <span class='ocrx_word' id='word_1_293' title='bbox 166 3851 332 3928; x_wconf 88' lang='lat' dir='ltr'>debentur,</span> <span class='ocrx_word' id='word_1_294' title='bbox 358 3849 412 3934; x_wconf 87' lang='lat' dir='ltr'>qui</span> <span class='ocrx_word' id='word_1_295' title='bbox 427 3869 468 3914; x_wconf 85' lang='lat' dir='ltr'>ex</span> <span class='ocrx_word' id='word_1_296' title='bbox 483 3849 579 3914; x_wconf 88' lang='lat' dir='ltr'>verbo</span> <span class='ocrx_word' id='word_1_297' title='bbox 596 3852 702 3934; x_wconf 76' lang='grc' dir='ltr'><strong><em>φησίν</em></strong></span> <span class='ocrx_word' id='word_1_298' title='bbox 716 3867 756 3914; x_wconf 86' lang='lat' dir='ltr'>ea</span> <span class='ocrx_word' id='word_1_299' title='bbox 771 3848 912 3932; x_wconf 88' lang='lat' dir='ltr'>pendere</span> <span class='ocrx_word' id='word_1_300' title='bbox 935 3849 1070 3933; x_wconf 71' lang='lat' dir='ltr'>putarit,</span> <span class='ocrx_word' id='word_1_301' title='bbox 1096 3848 1226 3930; x_wconf 85' lang='lat' dir='ltr'>volgata</span> 
     </span>
     <span class='ocr_line' id='line_1_35' title="bbox 89 3950 1224 4038; baseline -0.006 -18"><span class='ocrx_word' id='word_1_302' title='bbox 89 3955 185 4020; x_wconf 81' lang='lat' dir='ltr'>leutio</span> <span class='ocrx_word' id='word_1_303' title='bbox 207 3950 363 4038; x_wconf 66' lang='grc' dir='ltr'><strong><em>Ἀρχῖνον</em></strong></span> <span class='ocrx_word' id='word_1_304' title='bbox 385 3951 442 4015; x_wconf 84' lang='grc' dir='ltr'>καὶ</span> <span class='ocrx_word' id='word_1_305' title='bbox 464 3955 582 4016; x_wconf 84' lang='grc' dir='ltr'><strong><em>Δίωνα</em></strong></span> <span class='ocrx_word' id='word_1_306' title='bbox 604 3971 682 4016; x_wconf 90' lang='lat' dir='ltr'>vera</span> <span class='ocrx_word' id='word_1_307' title='bbox 709 3952 819 4016; x_wconf 86' lang='lat' dir='ltr'>neseio</span> <span class='ocrx_word' id='word_1_308' title='bbox 846 3951 937 4016; x_wconf 84' lang='lat' dir='ltr'>ouius</span> <span class='ocrx_word' id='word_1_309' title='bbox 959 3950 1143 4016; x_wconf 78' lang='lat' dir='ltr'>coniectura</span> <span class='ocrx_word' id='word_1_310' title='bbox 1165 3957 1224 4014; x_wconf 90' lang='lat' dir='ltr'>est.</span> 
     </span>
    </p>

    <p class='ocr_par' dir='ltr' id='par_1_4' title="bbox 89 4051 1228 4346">
     <span class='ocr_line' id='line_1_36' title="bbox 175 4051 1226 4142; baseline -0.003 -22"><span class='ocrx_word' id='word_1_311' title='bbox 175 4077 207 4142; x_wconf 94' lang='lat' dir='ltr'>p.</span> <span class='ocrx_word' id='word_1_312' title='bbox 228 4059 334 4121; x_wconf 76' lang='lat' dir='ltr'>915sss</span> <span class='ocrx_word' id='word_1_313' title='bbox 357 4055 534 4139; x_wconf 82' lang='lat' dir='ltr'>Dionysius</span> <span class='ocrx_word' id='word_1_314' title='bbox 556 4053 801 4119; x_wconf 84' lang='lat' dir='ltr'>Atheniensium</span> <span class='ocrx_word' id='word_1_315' title='bbox 820 4060 853 4119; x_wconf 87' lang='lat' dir='ltr'>et</span> <span class='ocrx_word' id='word_1_316' title='bbox 874 4053 1040 4118; x_wconf 79' lang='lat' dir='ltr'>Meliorem</span> <span class='ocrx_word' id='word_1_317' title='bbox 1063 4051 1226 4134; x_wconf 81' lang='lat' dir='ltr'>dialogum</span> 
     </span>
     <span class='ocr_line' id='line_1_37' title="bbox 89 4148 1226 4240; baseline -0.006 -14"><span class='ocrx_word' id='word_1_318' title='bbox 89 4161 281 4226; x_wconf 84' lang='lat' dir='ltr'>examinans</span> <span class='ocrx_word' id='word_1_319' title='bbox 310 4159 410 4224; x_wconf 84' lang='lat' dir='ltr'>verba</span> <span class='ocrx_word' id='word_1_320' title='bbox 437 4158 506 4221; x_wconf 93' lang='lat' dir='ltr'>l.V</span> <span class='ocrx_word' id='word_1_321' title='bbox 535 4160 646 4222; x_wconf 84' lang='lat' dir='ltr'>o.105</span> <span class='ocrx_word' id='word_1_322' title='bbox 670 4157 687 4240; x_wconf 56' lang='grc' dir='ltr'>ᾗ</span> <span class='ocrx_word' id='word_1_323' title='bbox 713 4161 727 4220; x_wconf 90' lang='grc'>1</span> <span class='ocrx_word' id='word_1_324' title='bbox 760 4156 806 4222; x_wconf 88' lang='lat' dir='ltr'>ita</span> <span class='ocrx_word' id='word_1_325' title='bbox 834 4155 1074 4239; x_wconf 87' lang='lat' dir='ltr'>interpretatur:</span> <span class='ocrx_word' id='word_1_326' title='bbox 1108 4148 1161 4218; x_wconf 85' lang='grc' dir='ltr'><strong><em>ὅτι</em></strong></span> <span class='ocrx_word' id='word_1_327' title='bbox 1189 4151 1226 4220; x_wconf 82' lang='grc' dir='ltr'>τὸ</span> 
     </span>
     <span class='ocr_line' id='line_1_38' title="bbox 89 4250 1228 4346; baseline -0.006 -17"><span class='ocrx_word' id='word_1_328' title='bbox 89 4265 152 4346; x_wconf 83' lang='grc' dir='ltr'><strong><em>μὲν</em></strong></span> <span class='ocrx_word' id='word_1_329' title='bbox 174 4267 276 4328; x_wconf 72' lang='grc' dir='ltr'><strong><em>θεῖον</em></strong></span> <span class='ocrx_word' id='word_1_330' title='bbox 298 4257 378 4345; x_wconf 80' lang='grc' dir='ltr'><strong><em>δόξῃ</em></strong></span> <span class='ocrx_word' id='word_1_331' title='bbox 402 4257 622 4345; x_wconf 87' lang='grc' dir='ltr'><strong><em>γινώσκουσιν</em></strong></span> <span class='ocrx_word' id='word_1_332' title='bbox 644 4253 805 4334; x_wconf 76' lang='grc' dir='ltr'><strong><em>ἅπαντας,</em></strong></span> <span class='ocrx_word' id='word_1_333' title='bbox 830 4255 930 4322; x_wconf 81' lang='grc' dir='ltr'><strong><em>τὰδὲ</em></strong></span> <span class='ocrx_word' id='word_1_334' title='bbox 953 4253 1041 4340; x_wconf 77' lang='grc' dir='ltr'><strong><em>τορός</em></strong></span> <span class='ocrx_word' id='word_1_335' title='bbox 1065 4250 1228 4344; x_wconf 73' lang='grc' dir='ltr'><strong><em>ἀλλήλους</em></strong></span> 
     </span>
    </p>
   </div>
   <div class='ocr_carea' id='block_1_3' title="bbox 0 0 1498 4884">
    <p class='ocr_par' dir='ltr' id='par_1_5' title="bbox 0 0 1498 4884">
     <span class='ocr_line' id='line_1_39' title="bbox 0 0 1498 4884; baseline 0 0"><span class='ocrx_word' id='word_1_336' title='bbox 0 0 1498 4884; x_wconf 95' lang='lat' dir='ltr'> </span> 
     </span>
    </p>
   </div>
  </div>
 </body>
</html>
