3034 4896
5 4216 13 4395 l

6 4418 14 4463 l

669 271 883 330 ..13-

208 475 299 521 esse:
325 477 364 521 ao
385 463 471 522 certo
494 456 622 539 quidem
647 476 715 534 eas,
742 476 825 536 quae
847 455 914 520 illis
937 454 1112 521 rationibus
1130 454 1340 536 continentur,

207 579 292 642 quas
313 559 346 624 in
370 581 423 644 pg.
451 563 535 623 7-9
558 559 748 642 significavi.
796 558 980 625 Ceterarum
1004 558 1153 623 ridentur
1175 558 1252 623 mihi

298 663 383 728 aliae
407 662 510 729 redire
533 663 577 728 ad
599 662 760 728 librarios:
788 663 828 728 de
851 661 967 746 quibus
989 662 1082 728 nobis
1104 660 1266 744 agendum
1281 682 1344 726 non

208 773 271 842 est,
290 767 408 851 quippe
424 787 508 848 quae
523 766 587 831 iam
600 787 620 830 a
632 765 839 832 Lachmauno
855 773 1044 851 perspectae
1056 787 1094 832 ac
1106 767 1251 832 seclusae
1263 767 1341 845 sint,

297 870 382 935 aliae
397 870 440 935 ad
455 871 605 935 lectorem
622 870 856 953 philosophum,
880 878 915 936 ut
930 870 1008 935 satis
1024 877 1130 936 notam
1148 870 1345 935 Lachmanni

209 973 478 1055 significationem
501 993 666 1057 usurpem;

298 1077 384 1142 aliae
406 1077 449 1142 ad
471 1076 624 1142 editorem
648 1074 833 1156 carminum,
861 1076 915 1157 qui
939 1097 988 1156 ea,
1014 1098 1086 1142 oum
1107 1076 1252 1161 pluribus
1267 1075 1346 1141 locis

211 1201 325 1265 parum
349 1181 518 1246 coniuncta
545 1199 617 1246 esse
639 1180 779 1262 videret,
807 1179 857 1245 his
880 1182 931 1246 vel
960 1181 1027 1245 illis
1050 1181 1195 1246 versibus
1218 1179 1345 1246 insertis

210 1283 414 1350 emendanda
436 1303 509 1350 esse
532 1285 699 1360 censebat;

300 1388 383 1452 aliae
407 1388 449 1452 ad
472 1388 714 1471 grammaticum
739 1387 895 1469 aliquem,
922 1388 976 1468 qni
999 1387 1141 1452 carmina
1164 1386 1257 1450 nrodo
1280 1387 1346 1451 suris

212 1492 308 1556 modo
341 1497 456 1576 poetae
489 1491 592 1574 ipsius
626 1489 772 1556 versibus
805 1491 1001 1575 amplificare
1035 1497 1068 1555 et
1097 1490 1256 1573 corrigere
1286 1489 1346 1554 sibi

211 1595 394 1660 videbatur.

760 1857 794 1938 I.

303 2023 420 2089 Eorum
450 2024 533 2088 falso
562 2023 762 2105 iteratorum,
797 2041 880 2105 quae
909 2023 1062 2088 lectori
1095 2022 1348 2107 philosopho

213 2129 381 2209 debemus,
407 2126 574 2193 consilium
597 2149 669 2193 oum
692 2148 797 2212 paene
820 2127 965 2191 omnibns
988 2127 1069 2190 locis
1085 2126 1219 2191 indicari
1235 2127 1346 2211 possit,

215 2253 311 2297 nemo
326 2253 366 2298 ea
380 2232 537 2313 retinebit,
563 2232 750 2316 praesertim
767 2251 838 2297 oum
853 2251 894 2296 ne
909 2236 1021 2295 auctor
1036 2230 1162 2313 quidem
1180 2230 1346 2312 studuerit,

216 2343 252 2400 nt
268 2356 328 2400 sna
342 2335 563 2402 additamenta
584 2335 687 2419 ipsius
710 2340 824 2419 poetae
849 2354 920 2399 esse
944 2333 1139 2400 riderentur.
1179 2336 1244 2399 Aut
1266 2336 1350 2400 enim

215 2461 237 2503 a
260 2459 383 2504 conexu
406 2439 636 2504 sententiarum
659 2439 730 2504 eius
751 2439 826 2516 loci,
854 2437 907 2502 ubi
930 2436 1042 2502 addita
1063 2449 1147 2521 sunt,
1174 2439 1271 2522 plane
1291 2440 1351 2504 ab·

216 2543 360 2621 horrent,
387 2549 443 2606 aut
464 2543 631 2607 verborum
655 2539 883 2606 constructioni
906 2548 1095 2624 repugnant,
1123 2550 1156 2606 ut
1179 2542 1239 2606 soli
1262 2543 1352 2607 casui

216 2645 421 2710 tribuendum
444 2645 495 2724 sit,
522 2645 550 2710 si
573 2665 623 2726 ea,
650 2664 733 2726 quae
754 2645 809 2710 ille
824 2645 962 2726 margini
979 2645 1206 2729 adscripscrat,
1232 2645 1265 2710 in
1281 2651 1353 2711 tex-

217 2756 286 2812 tum
309 2747 439 2813 detrusa
461 2748 491 2812 ei
513 2749 584 2812 loeo
606 2767 647 2813 ex
669 2748 814 2812 omnibus
830 2747 974 2831 partibus
990 2748 1191 2814 conveniant.
1232 2749 1274 2813 Ut
1289 2749 1352 2831 igi-

219 2861 272 2917 tur
294 2871 333 2917 ea
355 2871 548 2929 enumerem,

529 2955 555 3037 1,
583 2957 710 3018 44-49
738 2955 790 3036 (.-.
812 2955 854 3032 11,
882 2958 1040 3034 oue-51)

218 3058 334 3126 addita
355 3065 429 3124 sunt
450 3059 491 3124 ab
512 3059 581 3134 illo,
607 3065 661 3122 »ut
683 3056 864 3122 ostenderet
886 3058 1067 3122 Lucretium
1091 3059 1152 3124 sibi
1175 3058 1351 3141 adversari,

219 3163 276 3245 qni
298 3181 369 3226 cnm
392 3160 470 3227 deos
493 3160 641 3226 mortalia
666 3181 729 3226 non
753 3181 864 3226 curare
885 3161 1040 3241 affirmet,
1069 3161 1223 3228 Venerem
1247 3169 1355 3228 tamen

219 3267 380 3332 invocet«.

530 3368 567 3448 V,
596 3371 763 3432 1344-46
792 3369 885 3448 (1345
910 3398 951 3421 =
973 3371 1046 3449 528)

220 3472 263 3538 de
286 3473 402 3553 quibus
426 3470 649 3536 Lachmannus
672 3470 866 3535 haecdicit:
896 3477 1052 3555 »apparet
1074 3472 1154 3538 haec
1177 3473 1356 3537 Lucretium

222 3595 286 3640 non
302 3574 481 3658 scripsisse,
509 3572 567 3639 sed
581 3575 678 3638 istum
693 3575 857 3657 lectorem,
875 3595 972 3656 aquo
987 3581 1124 3660 poetam,
1149 3576 1202 3641 nbi
1218 3577 1357 3642 incredi-

223 3679 302 3743 bilia
317 3676 444 3743 tradere
467 3677 638 3754 videretur,
664 3678 810 3742 versibus
823 3677 1020 3762 interpositis
1038 3678 1178 3744 derisum
1195 3679 1357 3745 intellexi-

224 3801 296 3846 mus
310 3781 345 3844 in
360 3780 441 3846 libro
457 3780 515 3858 ΙΙΙ,
535 3783 610 3844 412.
630 3783 717 3860 743«,
742 3780 776 3844 in
799 3781 914 3862 quibus
937 3788 1042 3845 tamen
1062 3802 1125 3846 non
1142 3782 1256 3847 iterata
1271 3791 1356 3848 sunt.

500 3884 557 3963 ΙΙΙ,
585 3887 732 3948 806-18
761 3886 812 3968 (=
836 3887 873 3966 V,
901 3889 1060 3968 sel-us)

228 3986 315 4050 ldom
338 3987 490 4052 adnotat:
523 3986 619 4052 »haec
642 3987 749 4051 omnia
771 4009 791 4051 a
813 3988 961 4053 Lucretio
985 3987 1036 4054 hic
1058 3989 1179 4074 scripta
1201 4010 1263 4055 non
1286 4010 1359 4055 esse

228 4089 432 4155 manifestum
455 4095 520 4168 est,
553 4090 652 4155 seda
681 4091 799 4156 lectore
829 4091 1033 4174 philosopho,
1064 4093 1117 4174 qni
1148 4091 1206 4156 lroc
1235 4113 1360 4176 quoque

228 4201 418 4274 argumento
434 4193 539 4257 eralio
565 4195 633 4257 loco
649 4191 816 4276 desumpto
833 4213 897 4258 rern
915 4194 1079 4258 commode
1094 4194 1246 4258 illustrari
1266 4215 1360 4278 posse
