3008 4884
522 449 563 459 -
611 414 696 495 [457]
744 446 786 458 -
1164 413 1220 473 ron

87 599 203 666 dixerit
219 601 379 686 principio
403 609 550 679 troctoto,
575 601 723 686 equidem
746 601 891 686 suspicor
906 600 1006 666 luisse
1022 607 1225 684 pertractato

87 703 280 768 iunctione.
328 705 439 771 Altera
468 711 576 772 tamen
608 713 778 791 praeterea
810 709 900 790 patet
928 703 982 769 vie
1011 698 1221 770 emendandi:

87 808 174 874 Sane
195 827 271 874 vere
287 807 536 875 Cornificianum
559 817 609 876 est
627 810 806 893 persolvere
832 808 909 890 (lore
925 838 967 862 =
982 806 1150 891 absoluere)
1177 807 1219 888 11,
1304 869 1309 874 .

86 915 138 992 31,
159 915 200 976 50
230 934 287 975 nos
317 911 488 978 alacriores
516 915 561 978 cd
591 913 747 999 reliquum
775 908 1034 997 persolvendum
1075 909 1133 986 111,
1157 913 1218 990 t,1

84 1023 121 1078 ut
136 1014 236 1078 omnis
258 1014 444 1079 inveniundi
457 1015 640 1100 praeceptio
664 1015 724 1081 titi
736 1037 830 1101 quous
845 1013 987 1099 primum
1007 1013 1149 1097 persei
1156 1035 1223 1077 oe-

84 1126 202 1182 retur
228 1117 350 1198 leodem
374 1135 469 1184 sensu
500 1119 597 1203 paulo
624 1116 711 1184 intre
740 1117 823 1184 dixit
850 1139 941 1204 quem
962 1155 1004 1166 -
1029 1115 1088 1180 titi
1107 1113 1223 1180 librum

85 1219 230 1284 celeriter
258 1222 486 1286 obsoletum
513 1222 701 1306 mittemus);
728 1223 781 1304 IV,
804 1225 868 1302 1,1
903 1220 962 1286 tibi
988 1219 1024 1283 ie
1044 1220 1128 1305 quod
1148 1219 1224 1282 reli-

86 1346 180 1408 quum
203 1333 249 1388 cst
270 1325 351 1390 ortis
372 1363 414 1374 -
430 1327 722 1410 persolvemus.
770 1324 901 1394 Scribas
923 1324 1022 1408 igitur
1039 1343 1102 1390 uon
1117 1323 1223 1389 miuus

85 1428 311 1512 probabiliter:
333 1430 495 1512 persoluto
516 1429 708 1494 narratione.
1248 1422 1251 1431 ¹

173 1550 267 1616 corn.
286 1550 311 1624 Ι,
336 1554 383 1626 10,
406 1554 454 1614 17.
500 1549 745 1614 Enumeratione
768 1558 891 1614 nemun
913 1571 982 1612 cum
1004 1547 1140 1612 (luemus
1163 1570 1222 1611 nu-

86 1675 171 1716 mero
194 1675 244 1716 res
270 1653 308 1734 (si
331 1652 424 1719 modo
446 1660 533 1718 reete
556 1653 615 1719 hoc
639 1653 844 1736 restituimus)
880 1660 955 1738 quot
982 1653 1020 1716 de
1042 1650 1134 1715 retus
1155 1651 1223 1714 ‹tic-

86 1754 154 1818 turi
173 1777 301 1830 eremum·
323 1776 392 1820 eene
410 1757 487 1839 plus
510 1779 602 1840 qumn
625 1757 721 1820 trium
737 1755 882 1840 portium
904 1777 1033 1820 numero
1052 1775 1114 1818 non
1130 1777 1223 1837 epor-

87 1867 129 1922 tet
151 1881 227 1922 esse.
268 1859 426 1943 Displicet
446 1859 529 1925 illud
551 1882 679 1923 numero
701 1859 790 1925 brevi
813 1857 984 1924 intervallo
1004 1857 1053 1924 bis
1069 1857 1219 1944 positum.

86 1963 133 2026 Ac
156 1961 263 2046 priore
286 1961 415 2044 quidem
437 1962 508 2028 loco
530 1985 657 2028 numero
686 1982 758 2028 curn
789 1981 881 2028 suam
910 1961 1029 2028 hebeat
1058 1959 1222 2046 significe-

86 2064 216 2144 tionem‚
243 2065 346 2131 ultero
368 2065 439 2131 loeo
461 2073 535 2151 post
558 2066 653 2130 trium
671 2065 813 2150 partium
836 2065 934 2150 plene
957 2070 1007 2132 est
1028 2084 1224 2151 supervaca-

85 2186 191 2246 neum,
211 2173 245 2232 ut
260 2167 492 2253 interpretandi
508 2189 607 2236 eausa
622 2189 719 2255 super
730 2169 831 2235 verba
846 2168 940 2234 trium
949 2167 1093 2253 portium
1109 2186 1224 2252 super-

84 2271 355 2355 scriptumesset
383 2271 540 2338 videatur.
581 2273 696 2340 Deleto
718 2273 816 2357 igitur
836 2272 939 2338 altero
960 2293 1088 2336 numero
1109 2271 1223 2355 legen-

84 2374 161 2440 dum
184 2375 326 2442 conicio:
351 2397 420 2441 com
438 2377 514 2460 plus
537 2399 631 2462 quom
655 2377 749 2442 troium
765 2376 910 2462 portium
930 2399 992 2440 non
1006 2383 1128 2460 oportet
1143 2398 1218 2440 esse

172 2496 267 2562 Corn.
291 2498 334 2583 ΙΙ,
365 2501 420 2578 ld,
446 2499 498 2562 23.
547 2498 703 2581 Perpetio
733 2507 780 2563 est
811 2521 881 2562 cum
913 2497 1053 2562 consulto
1086 2522 1106 2562 o
1135 2495 1222 2560 notis

73 2601 206 2684 foetum
229 2622 386 2684 ceponius.
414 2624 451 2664 ea
473 2600 626 2665 ersseidttnr
648 2600 682 2664 in
703 2601 956 2666 necessitudinem
969 2602 1141 2685 fortunam
1163 2599 1224 2662 im-

79 2702 285 2784 pmnlentiom
310 2752 316 2766 .
339 2752 345 2766 .
368 2754 374 2766 .
396 2704 536 2786 primum
551 2703 809 2768 considerandum
828 2712 876 2768 est
897 2703 1077 2786 uumculpo
1099 2711 1223 2767 eentum

82 2805 126 2870 sit
155 2805 188 2869 in
217 2805 474 2871 necessitudinem
497 2815 554 2872 etc.
603 2807 778 2893 Supposite
807 2825 879 2872 esse
909 2827 949 2872 ea
978 2826 1062 2888 quae
1094 2812 1224 2872 anteue-

80 2909 162 2974 dnnt
185 2909 329 2975 ultimum
352 2911 603 2977 enuntiationem
626 2910 725 2976 verbe
747 2911 786 2974 de
808 2909 859 2974 lis
876 2909 1031 2994 pertibus
1053 2918 1112 2974 etc.
1138 2917 1223 2975 recte

81 3012 249 3096 perspexit
270 3013 454 3098 Kayserus,
493 3013 551 3080 sed
573 3034 638 3097 qua
660 3013 701 3079 de
727 3033 826 3080 eausa
848 3013 909 3080 hoc
931 3013 1131 3099 potissimum
1153 3013 1223 3078 loeo

80 3116 273 3200 interposita
296 3115 360 3182 sint
376 3117 446 3183 'non
468 3117 641 3184 intellexit.
689 3117 808 3184 Deerat
836 3117 922 3184 enim
952 3137 992 3184 ee
1020 3135 1116 3201 quem
1144 3135 1222 3182 nus-

153 3392 171 3454 1)
192 3389 231 3445 Ut
248 3391 323 3460 apud
341 3389 535 3456 Cornificium,
561 3393 602 3448 ltu
626 3393 701 3463 apud
719 3391 881 3449 Ciceronem
905 3407 1016 3462 quoque
1041 3393 1069 3448 in
1091 3391 1170 3448 libris
1188 3393 1223 3449 de

79 3476 244 3532 inventione
274 3479 363 3532 mults
391 3479 562 3546 glossemate
592 3479 736 3550 Kayserus
766 3496 781 3533 e
809 3483 887 3544 textu
918 3479 1010 3535 eiecit.
1054 3477 1221 3534 Huiusmodi

78 3563 302 3618 adcrementum
330 3563 412 3620 nobis
439 3565 628 3634 investigasse
653 3564 780 3620 videmur
808 3565 870 3619 loco
901 3563 966 3620 hoe:
997 3565 1056 3620 inv.
1076 3565 1105 3628 1,
1126 3567 1169 3628 le,
1189 3567 1222 3616 92

78 3656 108 3703 ut
126 3650 154 3703 sr'
173 3650 220 3720 qm·
242 3650 339 3703 misen
358 3656 476 3714 accuset,
499 3651 526 3704 in
543 3653 592 3705 tce
609 3651 725 3705 merisne
742 3655 926 3715 commoretur,
951 3650 1089 3721 indipnum
1113 3669 1166 3705 esee
1189 3651 1222 3704 ob

77 3735 188 3789 lorrrine
206 3735 375 3806 iprseeiesimo
393 3738 478 3791 cirrum
489 3739 673 3805 fortissimum
691 3738 802 3791 Aiacem
821 3743 953 3792 necatum.
992 3739 1138 3806 Languere
1155 3735 1221 3792 mibi

77 3823 194 3876 videtur
212 3837 267 3877 vox
285 3823 404 3878 Αἰαεσηι.
443 3823 641 3892 Pervulgutum
659 3825 732 3878 enim
751 3828 812 3878 eret
829 3825 904 3892 apud
922 3823 1050 3879 rhetores
1063 3823 1116 3879 hoc
1128 3838 1222 3878 exem-

77 3909 155 3978 plum
174 3907 211 3964 eb
230 3907 311 3964 Ulixe
329 3913 359 3964 et
376 3909 464 3964 Aiace
483 3909 600 3978 petitum
623 3907 666 3974 (ci.
689 3910 772 3966 corn.
794 3909 830 3974 11,
849 3913 889 3974 19,
904 3911 937 3962 29
956 3909 1003 3966 ubi
1022 3909 1121 3964 eodem
1139 3909 1222 3964 medo

78 3995 155 4050 Alex
174 3994 277 4050 dicitur
295 3996 338 4050 etr
347 3995 539 4065 sereniores),
564 4011 620 4066 que
641 3997 676 4052 de
694 4011 779 4050 oense
798 3995 925 4052 Ciceroni
943 3997 1055 4052 minime
1073 4009 1144 4066 opus
1161 4001 1222 4050 erut

76 4084 171 4150 ipsum
196 4079 294 4136 Aiacis
317 4097 417 4136 nomen
441 4081 556 4137 rddere.
594 4080 714 4138 Accedit
739 4082 814 4151 quod
838 4082 932 4138 deleto
956 4081 1094 4137 vocabulo
1112 4081 1222 4136 Aiacem

77 4168 215 4222 babemus
238 4167 361 4222 membra
384 4168 441 4223 duo
465 4185 500 4223 ex
526 4169 599 4223 binis
623 4167 741 4222 vocibus
765 4167 923 4222 constantia
953 4172 982 4222 et
1007 4167 1116 4224 chiesto
1140 4184 1221 4238 quem

78 4253 183 4310 Gruecl
202 4259 306 4308 vocant
323 4253 421 4309 ordine
439 4253 494 4308 sibi
515 4253 725 4321 respondentis.
762 4254 872 4307 Aiacem
889 4258 981 4308 ortum
999 4256 1095 4308 estex
1113 4253 1222 4322 glosse-

77 4345 154 4394 mate
180 4354 266 4408 supra
288 4339 373 4394 verbe
393 4340 479 4395 einim
494 4339 679 4410 fortissimum
700 4338 901 4410 interpretandi
920 4355 1005 4396 cause
1023 4339 1220 4410 superscripto.
