2982 4884
281 355 343 417 ιιι
717 387 760 398 -
808 353 891 434 [298]
938 387 982 398 -

281 560 427 606 sermone
455 561 518 606 non
548 541 690 608 alienum
722 561 795 607 esse
822 541 895 607 libri
923 540 964 606 de
986 560 1015 606 ο.
1040 561 1071 606 v.
1096 547 1162 606 tres
1191 539 1255 604 1οοί
1284 540 1396 624 probant

280 665 312 729 p.
332 649 399 710 6611
427 649 564 729 τραχέσι
584 646 657 710 λεῖα
673 650 850 730 μίσγοντα.
900 648 988 710 11210
1011 648 1145 728 μίσγειν
1159 655 1230 719 τοῖς
1253 647 1397 728 κρείττοσι

282 745 360 824 τοὺς
381 753 548 834 χείρονας.
596 751 650 813 991
675 745 831 836 πάταγον
856 741 987 814 ὑδάτων
1017 742 1298 832 ἀναμισγομένων
1325 745 1398 828 ἐκμι-

280 849 471 938 μηοασθαι.

367 993 397 1058 p.
415 975 521 1038 δλίτεε
537 993 607 1058 eap.
628 977 647 1037 8
664 977 901 1058 Μαρτυρεῑται
917 972 953 1038 δὲ
969 979 1017 1057 τῷ
1031 967 1128 1056 ἀνδρὶ
1144 976 1200 1052 (se.
1217 971 1394 1054 Θουκυδίδηζ·

286 1126 349 1139 ...
378 1071 430 1140 ότι
452 1077 509 1140 καὶ
538 1082 595 1162 της
619 1070 794 1162 ἀληθείας,
822 1067 861 1162 ἧς
883 1075 1010 1162 ἱέρειαν
1021 1079 1040 1158 ¹)
1068 1069 1157 1140 είναι
1185 1072 1249 1163 τὴν
1269 1075 1399 1158 ἱστορίαν

280 1175 490 1261 βουλόμεθα,
517 1179 680 1265 πλείστην
704 1176 889 1265 ἒποιησατο
918 1176 1087 1266 πρόνοιαν
1115 1173 1191 1244 οὔτε
1218 1179 1398 1261 προστιθεὶς

281 1293 351 1358 τοῖς
366 1279 564 1368 πράγμασιν
580 1277 679 1348 οὐδὲν
695 1281 712 1347 ὃ
728 1281 773 1370 μη
790 1283 922 1348 δίκαιον
945 1278 1042 1348 οὐδὲ
1062 1277 1220 1369 ἀφαιρῶν
1234 1277 1310 1348 οὐδὲ
1325 1281 1397 1360 ἐνεξ-

280 1381 449 1462 ουσιάζων
471 1392 509 1469 τῇ
533 1393 658 1472 γραφῇ.
714 1387 865 1470 Corrigas
896 1382 972 1451 οὔτε
1003 1387 1205 1471 προστιθεὶς
1231 1438 1239 1449 .
1261 1437 1268 1450 .
1289 1437 1295 1449 .
1319 1379 1397 1450 οὔτε

281 1482 438 1574 ἀφαιρῶν
461 1490 543 1570 κτλ,
577 1491 616 1556 ei.
644 1512 675 1574 p.
696 1493 752 1555 232
775 1485 852 1556 οὔτε
875 1491 1045 1576 προσθεὶς
1073 1485 1173 1556 οάδὲτ
1200 1485 1316 1566 αὐτοῖς
1340 1481 1396 1553 οὔτ’

280 1585 426 1677 ἀφελών.
483 1595 572 1658 sien
603 1591 686 1680 μητε
720 1598 966 1680 προστιθέντες
1000 1587 1119 1670 αὐτοῖς
1148 1617 1179 1658 τι
1209 1587 1288 1680 μήτ’
1313 1587 1399 1678 ἀφαι-

280 1701 428 1779 ροῦντες.
477 1699 568 1761 seen
591 1693 674 1783 μήτε
704 1695 899 1783 πρόσθεσιν
925 1693 1090 1779 δεχόμενα
1119 1691 1200 1783 μήτ’
1222 1691 1397 1782 ἀφαίρεσιν.

285 1803 378 1865 10245
403 1793 510 1865 οάθδν
532 1794 609 1865 οὔτε
632 1807 670 1885 τῇ
687 1797 767 1885 δόξῃ
791 1795 934 1886 τάνδρὸς
949 1801 1152 1885 προστιθεὶς
1169 1795 1245 1866 οὔτε
1264 1807 1320 1886 της
1334 1793 1399 1884 ἀλη·

281 1907 381 1978 θείας
401 1896 665 1989 ἀφαιρούμενος.
716 1905 831 1970 Paucis
854 1903 971 1970 deinde
994 1904 1177 1987 interiectis,
1204 1904 1322 1988 quibus
1340 1923 1399 1968 sen·

279 2005 381 2072 tentia
409 2008 444 2071 in
466 2006 581 2090 cepitis
603 2007 694 2072 initio
722 2008 828 2092 posita
855 2008 889 2072 in
911 2009 1095 2073 universum
1118 2008 1279 2094 probatur,
1312 2015 1342 2072 et
1359 2005 1399 2069 in-

280 2118 364 2174 stum
386 2110 586 2195 Thucydidis
612 2111 837 2195 integrumque
864 2110 904 2178 de
926 2111 1134 2177 nobilissimis
1157 2111 1236 2177 viris
1264 2110 1398 2176 iudicium

279 2212 438 2295 landatur,
466 2214 523 2279 sub
541 2213 656 2298 eapitis
678 2214 774 2280 finem
797 2215 878 2281 haee
899 2216 1065 2296 leguntur:
1097 2214 1352 2300 παραδείγματα
1371 2211 1398 2276 δὲ

280 2317 359 2400 περὶ
382 2311 492 2382 αὐτῶν
514 2322 633 2404 ιηέρειν
663 2311 703 2382 οὐ
726 2317 845 2400 δέομαι
874 2329 946 2394 τοῖς
969 2315 1208 2403 διεληλυθόσιν
1229 2312 1333 2383 αὐτοῦ
1352 2313 1399 2390 τὰς

280 2417 441 2503 ἱστορίας.
487 2427 594 2486 ταῦτα
623 2421 686 2502 μὲν
715 2409 775 2486 οὖν
806 2415 849 2485 ἀν
871 2419 943 2502 ἔχοι
973 2445 1023 2498 τις
1053 2420 1173 2502 εἰπεῖν,
1207 2417 1330 2505 δπερί
1353 2415 1400 2482 τόν

279 2519 516 2606 πραγματικὸν
545 2520 654 2589 τόπον
676 2517 693 2588 ό
719 2522 933 2610 συγγραφεὺς
956 2528 1131 2609 κατορθοῖ,
1165 2521 1254 2588 καλὰ
1282 2525 1336 2588 καλ
1355 2547 1400 2604 μι-

278 2623 411 2710 μηοεαις
428 2621 517 2705 ἀξια.
559 2624 741 2712 κράτιστον
762 2627 799 2691 δὲ
815 2625 956 2692 πόντιον
977 2625 1015 2692 τὸ
1030 2627 1136 2714 μηδὲν
1154 2625 1316 2704 ἑκουσίους
1332 2623 1401 2710 ψευ-

279 2725 403 2793 δεσθαι
435 2729 519 2816 μηδὲ
552 2735 700 2812 μιαίνειν
731 2728 792 2816 τὴν
814 2724 948 2812 αὑτοῦῖ)
977 2731 1178 2818 συνείδησιν.
1226 2736 1294 2797 ο.9
1318 2729 1354 2796 Ἃ
1373 2721 1400 2792 δ’

278 2831 516 2919 ἐλλιπέστερον
531 2829 764 2914 κατεσκεύασε,
788 2835 846 2898 καί
862 2829 918 2920 ἀφ’
930 2830 983 2910 οἷς
998 2831 1196 2918 ἐγκαλοῦσιν
1208 2829 1299 2920 αὐτῷ
1314 2855 1399 2912 τινες,

278 2939 358 3024 περὶ
379 2934 416 3002 τὸ
440 2935 677 3021 τεχνικώτερον
699 2943 801 3024 μέρος
822 2937 894 3004 ε’στὶ
916 2945 977 3005 τοῦ
998 2945 1237 3024 πραγματικοῦ
1259 2937 1400 3012 τόπουλ).

278 3023 384 3106 Verba'
406 3039 585 3126 κράτιστον
601 3041 637 3106 δὲ
654 3039 794 3108 πάντων
808 3082 851 3090 -
867 3043 1059 3129 συνείδησιν
1073 3042 1221 3126 Dionysii
1245 3063 1308 3108 non
1327 3043 1400 3107 sunt.

279 3145 420 3210 Primum
435 3145 520 3210 enirn
535 3145 579 3212 οδ
594 3147 786 3213 sententiam
808 3147 843 3212 in
858 3147 974 3232 eapitis
996 3146 1087 3212 initio
1109 3147 1267 3231 prolatam
1289 3159 1403 3231 prorsus

277 3248 386 3332 inepte
402 3256 613 3330 revertuntur,
633 3250 763 3316 minime
777 3251 835 3316 illa
849 3249 978 3332 quidem
993 3251 1154 3316 cumulum
1170 3249 1333 3332 addentia,
1357 3244 1405 3312 sed

278 3371 318 3416 ne
341 3349 499 3417 Graecum
522 3352 650 3436 quidem
673 3374 792 3420 morem
816 3353 987 3419 referentia
1015 3353 1129 3439 (μηδὲν
1151 3351 1313 3430 ἑκουσίως
1332 3347 1406 3435 reni

244 3449 249 3458 ’
278 3453 411 3534 δεσθαι,
438 3460 587 3536 μιαίνειν
608 3453 669 3543 τὴν
692 3450 796 3522 αὑτοῦ
820 3455 1036 3543 συνείδησιν).
1083 3455 1209 3522 Deinde
1239 3463 1307 3522 tota
1335 3455 1406 3520 haee

278 3556 430 3637 laudatio,
450 3579 514 3641 qun
524 3559 724 3644 Thucydidis
735 3559 804 3626 veri
818 3559 958 3625 studium
975 3559 1187 3644 praedicatur,
1207 3567 1304 3642 atque
1315 3555 1409 3625 omnis

277 3679 316 3726 ea
331 3681 417 3746 pars,
444 3682 509 3744 qua
524 3663 658 3728 virtutes
675 3670 735 3729 τοῦ
750 3669 988 3748 πραγματικοῦ
1004 3659 1115 3728 τόπου
1134 3669 1320 3740 tractantur,
1345 3677 1406 3726 cer·

277 3765 399 3832 tissime
422 3765 575 3833 finiuntur
597 3767 704 3833 verbis
729 3773 836 3832 ταῦτα
858 3766 936 3849 μὲν
959 3754 1031 3832 οὖν
1053 3760 1096 3831 ἀν
1118 3764 1190 3848 ἓχοι
1219 3789 1271 3843 τις
1292 3763 1401 3830 εἰπεῖν,

278 3868 299 3934 ἃ
322 3870 402 3955 περὶ
424 3868 485 3935 τόν
507 3867 746 3956 πραγματικὸν
774 3867 884 3935 τόπον
911 3862 929 3934 δ
954 3866 1168 3956 συγγραφεὺς
1190 3872 1400 3954 κατορθοῖ,

277 3969 364 4038 καλά
379 3974 436 4038 καί
451 3969 623 4060 μιμήσεως
640 3969 729 4052 ἀξια.
763 3972 854 4050 Quae
870 3973 978 4040 verbis
999 3970 1038 4038 Ἃ
1054 3967 1089 4038 δ’
1103 3971 1403 4054 ἐλλιπέστερον

279 4113 485 4124 ——n———u-—a

350 4199 365 4256 ’λ
389 4193 494 4268 ἱέρειαν
512 4213 566 4266 mg.
587 4197 649 4253 cod.
669 4196 769 4251 Boni:
796 4193 876 4270 ἱερὰν
893 4195 953 4250 MR
982 4200 993 4264 ΙΙ
1028 4197 1046 4262 2}
1072 4192 1160 4248 αὑτοῦ
1178 4197 1296 4266 Krueg.:
1322 4187 1398 4244 αάτοδ

278 4281 339 4336 MR
364 4285 375 4348 ΙΙ
403 4282 423 4346 ³)
444 4279 532 4336 τόπου
550 4283 615 4338 add.
635 4283 805 4353 Krnegerus.
