2998 4896
512 281 549 290 -
599 243 694 327 [see]
742 281 784 290 -
1179 244 1221 309 ss

83 435 226 518 quidquid
263 441 319 501 aut
350 437 465 503 omisso
496 444 611 520 poetae
644 438 834 520 fabulaeque
865 437 992 503 nomine
1023 445 1080 503 aut
1111 438 1221 504 addito

84 543 203 626 simplici
233 544 361 608 nomine
392 535 629 631 Ἀριστοφάνης
656 565 676 609 a
702 544 801 610 Suida
828 543 982 610 afferatur
1004 581 1048 593 --
1071 550 1104 610 et
1130 545 1222 628 longe

84 649 213 732 plurimis
232 649 311 716 locis
325 649 439 716 Suidas
458 651 519 716 hac
537 650 655 716 citandi
675 652 799 717 ratione
812 650 915 716 utitur
931 689 972 700 -
987 651 1047 718 hoc
1061 671 1099 716 ex
1114 654 1222 718 codice

86 755 306 840 Aristophaneo
330 779 386 824 suo
409 756 541 823 Suidam
564 757 668 842 ipsum
691 759 902 842 descripsisse.
927 795 968 806 -

162 864 306 948 Denique
324 886 395 930 cum
414 863 603 948 Hesychio
627 871 660 930 et
681 885 751 930 curn
770 863 920 932 Lexieis
939 862 1221 948 Seguerianis²)

84 970 130 1032 uix
162 970 228 1036 ulla
264 972 497 1037 necessitudine
533 970 650 1038 Suidae
688 971 910 1038 adnotationes
943 969 1126 1048 cohaerent,
1166 991 1224 1034 nec

85 1075 166 1141 facile
187 1078 423 1164 Aristophanes
444 1079 495 1145 his
518 1085 550 1143 et
573 1077 691 1144 Suidae
714 1080 892 1144 communie
913 1077 1064 1162 reperies,
1087 1097 1168 1161 quae
1190 1077 1223 1140 in

85 1183 199 1248 scholiis
223 1183 350 1250 RVeG
372 1207 435 1252 non
459 1192 589 1252 seruata
611 1186 684 1252 sint,
805 1187 806 1190 ’

468 1363 613 1429 CAPVT
628 1363 827 1428 TER'llVM.

596 1488 692 1569 §23

165 1613 221 1678 llis
234 1615 415 1696 praemissis
429 1615 492 1679 iam
502 1635 573 1678 cum
583 1615 745 1678 uariorum
754 1611 909 1678 librorum
919 1609 1224 1694 Aristophaneorum

88 1717 203 1785 scholiis
222 1719 339 1785 Suidae
362 1723 584 1788 adnotationes
607 1721 640 1784 iu
664 1707 932 1803 comparationem
954 1737 1111 1783 uocemue.

169 1825 204 1890 lu
228 1829 394 1894 enotaudis
421 1835 527 1894 autem
554 1827 683 1893 scholiis
710 1826 819 1916 dispar
846 1823 907 1890 luit
929 1822 1047 1890 Suidae
1069 1841 1169 1906 opera
1191 1821 1225 1883 in

89 1931 211 1998 tironis
230 1933 354 2012 fabulis,
376 1957 447 2000 cum
471 1937 502 1999 in
523 1933 605 2000 Paoe
628 1940 661 1998 et
684 1934 716 1996 iu
739 1930 909 2022 Equitibus
933 1930 1149 2015 copiosissima
1172 1949 1226 1992 ex-

90 2045 157 2115 tent,
181 2043 407 2125 propemodum
430 2039 579 2107 deficiant
602 2041 635 2104 in
659 2040 780 2123 Vespis,
806 2039 930 2105 rariora
952 2044 985 2104 et
1007 2036 1159 2103 breuiora
1182 2033 1227 2098 le-

90 2151 191 2227 gantur
212 2148 246 2212 in
270 2147 507 2224 Ecclesiazusis,
529 2146 875 2230 Thesmophoriauusis‚
902 2144 1094 2228 Lysistreta,
1121 2140 1157 2204 id
1181 2143 1231 2204 est

89 2251 123 2315 iis
142 2253 214 2335 ipsis
241 2255 275 2318 iu
302 2253 430 2332 fabulis,
461 2275 595 2337 quarum
622 2253 714 2319 nobis
741 2273 866 2336 quoque
894 2249 1033 2316 omnium
1061 2245 1232 2310 rarissima

90 2363 187 2423 extant
209 2360 337 2426 scholia
377 2361 460 2426 Hinc
483 2361 543 2426 etsi
565 2381 629 2426 non
652 2359 788 2426 efficitur
807 2358 938 2424 Suidam
962 2357 994 2419 in
1019 2349 1234 2435 excerpendis

91 2463 133 2528 his
149 2465 262 2534 sabulis
281 2469 344 2534 alio
362 2466 498 2534 fortasse
514 2467 597 2533 libro
614 2468 735 2533 minore
754 2465 946 2532 scholiorum
965 2460 1058 2544 copia
1072 2458 1240 2523 instructo

91 2591 169 2636 nsum
191 2595 272 2651 esse,
295 2580 400 2640 tarum
422 2575 500 2641 licet
522 2575 622 2640 conici
646 2574 679 2639 in
701 2573 752 2639 his
776 2571 948 2638 comoediis
969 2566 1117 2632 omnium
1141 2560 1242 2626 mini-

91 2699 164 2743 mum
185 2683 461 2764 grammaticorum
483 2681 729 2765 Byzantinorum
751 2679 893 2745 studium
920 2696 959 2740 ac
986 2671 1139 2737 laborem
1170 2688 1246 2732 uer-

91 2792 180 2856 satum
203 2811 280 2854 esse.

167 2893 214 2958 Ex
243 2896 341 2960 uariis
367 2903 474 2961 autem
505 2893 696 2959 scholiorum
724 2887 1036 2972 Aristophaneorum
1067 2878 1250 2963 generibus

91 2995 301 3066 desiderantur
323 3002 490 3086 praecipue
513 3001 634 3066 scholia
651 2997 830 3081 metrica²)‚
854 3013 929 3059 raro
948 2984 1175 3054 inueniuntur
1194 2981 1252 3046 ad-

92 3111 265 3186 notationes,
289 3129 370 3192 quse
393 3109 434 3174 ad
451 3108 642 3173 histrionum
661 3107 813 3189 chorique
833 3099 996 3165 actionem
1014 3091 1203 3174 pertinent,
1221 3085 1254 3148 id

92 3215 163 3294 quod
186 3237 273 3280 more
297 3214 413 3280 Suidae
435 3213 653 3298 lexicographi
675 3211 856 3296 explicatur
885 3223 951 3266 non
979 3192 1256 3311 commentarium

93 3323 117 3383 iu
138 3322 258 3387 tabulas
286 3320 534 3404 Aristophaneas
562 3317 772 3402 conscripturi
801 3313 861 3378 sed
891 3308 1017 3391 glossas
1046 3321 1143 3363 κατα
1169 3312 1257 3410 cros·

90 3439 168 3508 χεΙον
193 3429 343 3493 collectas
366 3437 461 3512 atque
488 3425 658 3509 dispositas
686 3420 843 3505 exemplis
874 3435 950 3480 cum
979 3429 1021 3474 ex
1048 3404 1129 3468 aliis
1158 3417 1257 3512 somp-

91 3534 198 3600 toribus
221 3543 290 3600 tum
314 3556 353 3598 ex
377 3531 600 3616 Aristophane·
615 3531 724 3614 petitis
753 3518 961 3592 illustraturi
991 3518 1025 3577 et
1054 3506 1257 3589 explicatum-

167 3641 213 3706 Ex
242 3641 376 3724 reliquis
402 3640 529 3705 scholiis
561 3659 625 3704 una
652 3658 728 3721 pars
756 3636 791 3699 in
827 3625 1017 3693 uerborum
1049 3612 1259 3721 obscurorum

91 3747 342 3832 interpretatione
370 3741 530 3821 uersatur,
562 3746 665 3810 altera
692 3743 735 3808 ad
764 3760 822 3804 res
855 3733 991 3816 spectat
1019 3726 1052 3784 et
1081 3713 1263 3826 consumpte

92 3855 194 3922 estad
220 3854 422 3939 explicandas
450 3851 658 3934 antiquitates
686 3845 880 3916 scaenicae,
915 3830 1079 3918 publicas,
1111 3819 1264 3898 Plfflstlffls

93 3981 211 4040 querum
230 3961 350 4026 mentio
373 3959 410 4024 fit
429 3961 461 4022 in
480 3958 650 4023 comoediis
669 3945 935 4033 Aristophanis,
961 3941 995 4000 el
1013 3929 1054 3996 ad
1073 3917 1267 3988 enarrandas

157 4121 233 4174 ¹ted.
253 4085 449 4177 Bachmannus
467 4117 494 4170 iu
515 4113 674 4171 Anecdotis.

155 4209 175 4265 't
201 4209 236 4262 ci·
260 4223 333 4277 qnae
357 4205 514 4260 Diudorfius
541 4205 570 4259 in
594 4205 648 4258 uol.
672 4203 699 4256 li
715 4195 816 4269 praei.
848 4206 905 4259 με.
936 4181 1008 4236 XVI
1031 4172 1064 4225 ⁶¹⁰

97 4297 204 4352 metricis
222 4295 376 4352 admonuit.

1086 4161 1135 4216 Ris
1159 4159 1279 4216 scholiis
