2994 4890
265 369 325 432 rar
696 403 741 416 -
787 368 871 451 [ros]
917 403 963 416 -

264 554 327 620 uisi
355 555 389 619 in
417 556 560 622 minutiis
587 555 621 620 id
643 552 838 621 'eventumm
870 553 1009 638 conicio,
1042 561 1195 638 qnantum
1224 556 1353 640 quidem
1381 577 1399 622 e

263 656 454 723 lectionibus
477 657 620 724 codicum
636 658 854 724 Parisinornm
868 658 931 722 ΑΒ
953 657 1103 723 aGrosio
1125 659 1264 723 enotatis
1282 678 1398 742 cogne

263 779 353 827 scere
375 761 462 827 licet.
502 761 540 826 In
563 761 643 830 libro
667 761 707 828 de
723 783 751 828 e.
768 783 800 832 v.
819 782 903 828 nora
925 761 1071 834 subsidia
1092 768 1207 830 nactus
1225 783 1289 828 non
1307 781 1393 842 snm;

263 863 297 929 in
319 864 430 929 libello
452 863 493 930 da
514 864 714 949 Thucydidis
737 864 898 931 idiomatis
913 865 1052 930 maxime
1067 863 1195 932 codices
1210 865 1398 931 Laurentia-

263 985 322 1031 nos
344 967 424 1051 plut.
443 967 548 1032 LVIII
564 971 605 1031 22
633 968 680 1050 (A)
707 973 739 1033 et
761 967 976 1052 plut.LIX11
1007 967 1052 1050 (L)
1086 974 1217 1034 secutus
1247 987 1319 1034 sum
1346 969 1395 1048 (ot.

260 1089 339 1155 pag.
358 1072 403 1154 9),
436 1091 568 1153 qnorum
591 1071 747 1136 lectiones
776 1072 817 1137 ab
840 1071 1055 1137 Herwerdeno
1077 1091 1140 1136 non
1163 1091 1291 1156 semper
1314 1079 1399 1138 recto

263 1172 443 1258 exscriptae
457 1179 541 1239 sant.
582 1174 621 1238 ui
638 1173 764 1240 codices
780 1180 854 1239 sunt
870 1174 1013 1260 pessimi,
1039 1175 1129 1258 peior
1143 1175 1180 1257 L,
1207 1175 1317 1258 paullo
1330 1196 1398 1240 me-

263 1276 383 1355 liorA;
413 1297 524 1342 omnes
547 1297 655 1342 eornm
679 1297 802 1344 errores
833 1285 962 1343 enotare
991 1277 1104 1343 inutile
1133 1284 1197 1358 est,
1230 1277 1302 1344 cnm
1332 1281 1399 1344 solo

265 1379 411 1443 Parisino
433 1379 510 1446 bibl.
537 1381 625 1466 publ.
651 1403 682 1445 n.
704 1384 782 1444 174¹
809 1379 904 1446 huius
926 1379 1029 1446 libelli
1051 1380 1195 1446 recensio
1217 1381 1347 1446 nitatur.

351 1499 497 1585 Dionysii
521 1502 695 1587 exemplar,
722 1507 875 1585 quantum
899 1507 1056 1585 superest,
1083 1521 1155 1565 cnm
1170 1499 1313 1567 Bethari
1331 1501 1400 1566 edi-

263 1603 349 1668 tione
372 1603 493 1668 minore
509 1605 645 1690 contuli.
694 1605 758 1670 Eos
781 1611 889 1671 antem
912 1604 1009 1686 locos,
1039 1623 1118 1687 qnos
1140 1625 1199 1688 per
1219 1603 1281 1670 hoc
1302 1615 1399 1689 caput

264 1726 325 1770 noo
349 1706 499 1789 tetigero,
532 1706 660 1772 eosdem
687 1707 775 1792 apud
796 1707 987 1794 Dionysium
1012 1714 1045 1772 et
1067 1706 1290 1794 Thucydidem
1314 1707 1401 1774 Bek-

263 1809 334 1874 keri
357 1809 422 1893 legi
451 1817 547 1895 puta;
581 1817 654 1876 sunt
684 1811 767 1878 enim
796 1810 958 1891 nonnulli,
991 1811 1046 1894 qui
1076 1817 1162 1876 recte
1191 1811 1223 1878 in
1253 1809 1399 1898 Dionysii

263 1912 436 1994 codicibus,
462 1913 495 1978 in
518 1913 712 1980 editionibus
734 1914 818 1980 male
841 1912 1064 1980 exhibeantur.

350 2035 586 2117 Nonnunquam
604 2033 805 2119 Thucydidis
827 2034 937 2118 aliqua
958 2035 1059 2100 rerba
1081 2033 1220 2102 diversis
1242 2034 1321 2100 locis
1343 2054 1403 2100 ex-

264 2137 362 2203 citata
384 2157 447 2202 non
465 2158 595 2222 prorsus
610 2137 695 2204 iuter
710 2157 747 2204 se
768 2137 952 2216 concinunt;
979 2158 1089 2204 earum
1112 2137 1400 2223 discrepantiarum

264 2240 403 2324 quaein
426 2239 685 2307 adnotationibus
708 2240 906 2326 perscriptae
936 2261 999 2316 non
1023 2247 1131 2322 erunt,
1165 2240 1197 2308 iu
1221 2239 1401 2326 appendice

264 2344 435 2410 addentur.

350 2465 502 2532 (lodicum
517 2463 789 2550 Thucydidiorum
812 2464 945 2532 adhibui
961 2464 1102 2532 Belrlreri
1122 2463 1194 2546 Bc,
1213 2463 1396 2546 Anaua,

265 2567 380 2636 Stahlii
403 2567 636 2634 londinensem
660 2568 739 2650 bv),
764 2567 812 2632 ita
833 2574 959 2650 tamen,
986 2575 1020 2634 ut
1041 2586 1100 2654 per
1125 2567 1241 2634 librum
1264 2567 1396 2651 primum

263 2677 297 2739 et
318 2670 492 2737 secundum
521 2670 555 2737 in
584 2669 754 2736 enotandis
783 2670 927 2736 codicum
950 2670 1008 2736 Bo
1038 2669 1231 2736 lectionibus
1261 2669 1396 2734 maxime

264 2773 484 2859 Schoeniumll
512 2793 674 2857 sequerer,
701 2780 868 2860 praeterea
888 2773 1000 2860 paucis
1023 2773 1102 2839 locis
1121 2771 1263 2840 Behkeri
1285 2771 1394 2838 editio

264 2898 336 2943 nem
359 2877 513 2944 maiorem
535 2878 746 2944 consulerem.

350 2998 437 3064 Inter
459 3018 515 3064 eos
538 2997 665 3064 codices
687 2997 769 3065 haee
791 2996 871 3064 ratio
893 2995 1078 3078 intercedit,
1105 3003 1140 3062 nt
1162 2995 1389 3062 Laurentianus

264 3102 289 3168 D
317 3104 412 3186 (saec.
437 3101 478 3186 X)
511 3107 544 3168 et
567 3101 739 3169 Vaticanus
762 3102 789 3165 B
816 3101 912 3178 (saec.
938 3101 994 3182 xl)
1034 3099 1146 3185 optimi
1176 3099 1256 3178 sint,
1288 3095 1389 3162 mehor

264 3211 371 3270 amen
393 3203 638 3286 Laurentianus,
672 3223 806 3286 quocum
830 3204 1018 3289 plerumque
1040 3201 1243 3268 Monacensis
1265 3200 1292 3266 G
1317 3217 1384 3263 coo-

263 3305 359 3390 gruit,
385 3325 484 3391 saepe
500 3307 666 3375 Palatinus
680 3307 720 3372 u.
767 3306 958 3375 Vaticanum
981 3310 1156 3388 sequnntur
1177 3303 1245 3370 tere
1260 3297 1380 3382 cisalpi-

264 3428 324 3476 nus
339 3409 368 3476 A
382 3417 415 3476 et
429 3411 636 3494 Augustanus
652 3410 690 3474 F.
738 3408 950 3475 Londinensis
964 3409 1009 3474 Me
1028 3413 1061 3474 et
1079 3406 1262 3476 Marcianus
1279 3405 1305 3468 D
1322 3419 1379 3470 eun

264 3512 427 3584 codicibus
449 3513 548 3578 ADF
571 3513 772 3598 potissimum
795 3512 991 3597 conspirant.

350 3631 579 3710 Quaestionem
601 3633 648 3700 ita
668 3632 874 3699 dividendam
907 3632 1034 3716 putavi,
1070 3636 1105 3697 ut
1133 3630 1240 3715 priore
1269 3629 1331 3693 looo
1348 3622 1380 3686 de

266 3738 413 3822 Dionysii
437 3738 629 3822 exemplaris
652 3758 726 3803 cum
745 3735 945 3820 Thucydidis
967 3734 1021 3818 qui
1044 3739 1217 3821 supersunt
1238 3729 1382 3798 codicibus

264 3861 424 3908 consensu
446 3840 647 3926 dispicerem,
674 3839 849 3925 posteriore
871 3839 912 3905 dc
933 3837 1094 3904 dissensu.

337 4103 354 4165 Ι)
375 4100 485 4154 Drroris
504 4099 610 4153 vitandi
629 4115 714 4154 causa
733 4097 938 4152 Londineusem
956 4097 1052 4150 notavi
1072 4095 1109 4148 lu
1139 4097 1149 4160 ΙΙ
1184 4096 1203 4159 ²)
1225 4085 1382 4162 Thucydidis

265 4185 329 4240 libri
347 4186 360 4239 l
379 4192 408 4241 st
425 4187 454 4240 11
477 4203 512 4242 ex
535 4187 698 4242 recensione
716 4183 840 4240 Bekheri
868 4185 896 4238 in
915 4199 995 4238 usum
1019 4181 1176 4238 scholarum
1196 4180 1284 4236 edidit
1299 4171 1382 4232 Allred

265 4269 399 4338 Sahoene,
420 4271 542 4326 Berolini
560 4271 634 4340 apud
654 4272 852 4326 Weidmannos
873 4271 948 4322 1874.
