3006 4892
569 332 783 392 ...71-

115 523 222 582 autem
252 536 323 598 eos,
356 538 428 584 cnm
455 519 572 602 quibus
600 519 760 586 artissime
791 519 950 586 coniuncti
979 519 1163 602 suntquis
1193 538 1250 584 suo

116 618 331 704 interpolandi
354 620 489 686 consilio
511 621 616 688 minus
639 623 868 689 accommodati
890 630 992 690 erant.

201 721 322 804 Restat,
349 729 384 788 ut
405 723 516 807 paucis
533 724 687 809 aperiam,
707 725 782 808 quid
798 725 840 791 de
855 733 920 792 toto
934 725 1008 792 libri
1023 724 1118 810 primi
1134 743 1247 808 prooe-

116 823 179 890 mio
203 823 349 904 sentiam,
376 845 417 891 ne
431 826 583 910 Bricgero
605 833 637 893 et
652 827 902 912 Stucrcnburgio
917 848 1030 912 parum
1050 827 1129 893 satis
1145 826 1250 892 iacere

116 927 238 1007 ridear,
270 929 324 1011 qui
357 932 501 995 136-45
524 931 735 1012 secluserunt,
762 931 818 996 ille
839 930 978 1015 quidem,
1005 952 1078 998 cum
1100 949 1156 996 eos
1179 937 1252 1014 post

116 1033 157 1094 79
171 1031 254 1096 benc
270 1031 368 1098 inseri
390 1032 582 1117 opinaretur,
603 1033 654 1100 bic
669 1054 724 1101 eos
740 1034 872 1101 seorsim
888 1054 909 1100 a
924 1034 1074 1100 carminis
1089 1033 1251 1100 continui-

116 1141 182 1199 tate
198 1134 334 1219 scriptos
348 1153 421 1202 csse
437 1143 534 1202 ratus.
567 1138 671 1221 Atque
687 1157 727 1206 ea
742 1157 851 1215 cause,
869 1157 933 1221 qna
948 1137 1147 1222 potissimum
1164 1155 1251 1203 com-

117 1237 194 1303 moti
223 1238 436 1322 secluserunt,
471 1240 548 1322 quia
576 1259 648 1306 cnm
677 1241 823 1307 versibus
856 1243 993 1306 146-8
1023 1260 1085 1306 non
1116 1259 1252 1306 consen-

116 1341 222 1421 tirent,
256 1341 388 1423 cecidit,
414 1343 562 1425 quonism
587 1343 619 1408 bi
641 1342 707 1428 ipsi
729 1343 916 1412 secludendi
937 1352 1022 1410 suut.
1067 1342 1133 1410 Sed
1155 1343 1251 1409 ctiam

115 1464 154 1509 eo
175 1445 258 1522 loco,
283 1464 347 1527 qno
372 1465 455 1512 nunc
482 1454 620 1526 exstant,
646 1446 723 1512 mihi
747 1448 892 1532 placent:
924 1447 971 1514 sio
992 1447 1076 1514 enim
1099 1445 1252 1532 prooemii

116 1567 272 1614 conexum
296 1546 382 1632 fingo
405 1547 516 1616 ordine
532 1549 675 1616 codicum
692 1558 828 1617 servato.
869 1549 989 1616 Versus
1012 1549 1087 1616 inde
1110 1571 1129 1616 a
1151 1549 1253 1632 primo

116 1670 217 1734 usqne
240 1650 283 1717 ad
308 1653 367 1738 ¹¹58
390 1650 555 1718 dividendi
576 1661 650 1719 sunt
671 1653 704 1718 in
726 1657 874 1736 quattuor
895 1660 1017 1738 partes:

207 1758 324 1820 1-43:
351 1755 510 1822 invocatio
532 1755 677 1837 Veneris,
703 1756 800 1823 totius
823 1757 928 1842 operis
950 1756 1107 1822 fautricis.

204 1858 315 1923 Altera
337 1877 411 1942 pars
434 1878 536 1941 usque
559 1858 602 1924 ad
617 1864 670 1939 or,
688 1860 736 1926 ita
751 1859 890 1943 quidem,
909 1866 944 1925 ut
958 1867 1033 1925 ante
1049 1862 1088 1924 50
1105 1859 1252 1924 lacunam

116 1967 314 2026 statuamus:
338 1960 454 2043 quibus
476 1961 623 2029 versibus
642 1961 801 2029 dedicatio
817 1962 1048 2042 continebatur,
1067 1961 1157 2027 cuius
1172 1981 1255 2026 nunc

117 2069 263 2130 extrema
284 2069 408 2129 tantum
430 2084 505 2148 pars
532 2065 626 2148 (pund
646 2073 796 2149 superest,
824 2069 873 2144 50)
903 2071 1032 2131 seruata
1053 2066 1146 2144 est1).

205 2166 315 2232 Tertia
336 2186 422 2251 pars,
447 2186 531 2250 quae
552 2166 627 2234 inde
649 2188 670 2232 a
691 2171 732 2234 62
748 2168 905 2250 usquead
925 2171 984 2232 145
1001 2165 1148 2251 pertinet,
1168 2185 1254 2232 com-

118 2269 269 2353 plectitur
290 2270 383 2352 quasi
405 2270 602 2354 prooemium
626 2272 723 2337 totius
745 2271 907 2338 carminis.

205 2373 242 2437 In
270 2376 403 2438 ¹50-8
426 2373 573 2440 transitio
602 2374 636 2438 fit
666 2373 708 2440 ad
730 2394 800 2440 eum
831 2393 912 2454 rem,
946 2395 966 2439 a
989 2393 1053 2456 qua
1075 2378 1170 2458 poeta
1192 2372 1256 2437 ini-

118 2477 202 2541 tium·
219 2475 372 2542 carminis
395 2476 535 2542 facturus
558 2483 618 2543 est.

204 2577 299 2657 Quod
314 2586 420 2644 autem
436 2578 706 2662 Stuerenburgins
722 2579 900 2662 suspicatus
915 2586 966 2645 est
980 2598 1092 2644 versus
1111 2580 1256 2643 135-46

120 2680 254 2748 seorsim
291 2703 311 2746 a
344 2681 495 2747 carminis
524 2681 733 2748 continuitate
761 2681 897 2766 scriptos
929 2701 1017 2759 esse,
1049 2681 1083 2746 id
1113 2681 1180 2748 veri
1209 2687 1258 2746 cst

120 2784 384 2850 dissimillimum.
424 2785 536 2867 Neque
559 2785 644 2850 enim
660 2785 828 2868 quicquam
852 2783 1030 2852 exordienti
1051 2791 1165 2870 poetae
1188 2804 1258 2850 ma-

118 2890 169 2973 gis
192 2889 358 2955 obversari
387 2887 497 2976 debuit
528 2907 622 2970 quam
650 2887 823 2954 difficultas
852 2889 911 2967 rei,
936 2909 1029 2972 qnam
1054 2887 1258 2973 expositurus

119 2998 218 3058 esset.
247 3028 284 3039 -

206 3093 331 3160 Adsero
351 3115 423 3162 eum
446 3095 562 3173 locum,
587 3114 683 3178 quem
705 3096 778 3161 item
801 3102 958 3179 appareat
984 3094 1144 3179 posterius
1166 3091 1260 3158 addi·

120 3207 185 3265 tum
211 3217 286 3264 osso
309 3198 356 3265 eis
378 3198 534 3277 versibus,
560 3205 633 3284 post
654 3216 733 3281 quos
755 3198 789 3262 in
810 3196 973 3264 codicibus
997 3195 1175 3263 exhibetur:

589 3302 631 3382 ΙΙ,
663 3304 734 3366 163.
761 3305 791 3364 4.

121 3406 274 3489 Legimus
296 3404 373 3472 inde
395 3425 416 3470 a
439 3405 488 3484 ΙΙ,
517 3409 576 3468 157

253 3518 288 3573 ct
309 3531 387 3592 quum
409 3517 483 3573 sunt
504 3508 606 3573 solido
623 3507 802 3592 primordio
824 3507 1036 3591 simplicitate,

170 3720 228 3781 161
255 3716 377 3792 debent,
402 3714 438 3778 ni
458 3715 582 3792 mirum,
603 3714 799 3797 praecellere
819 3713 1003 3792 mobilitate,

254 3826 285 3880 et
306 3818 403 3881 multo
426 3816 518 3880 citios
529 3816 624 3902 ferri
643 3837 737 3900 quum
758 3815 907 3880 lumino
928 3815 1014 3892 aclis,

196 4075 212 4136 ¹]
234 4069 390 4127 Vahlonius
413 4071 560 4138 (Monatsb.
581 4071 610 4126 d.
624 4071 699 4126 Berl.
713 4069 803 4126 Aced.
818 4069 891 4140 Aug.
910 4073 984 4134 isui)
1005 4069 1071 4125 mibi
1091 4085 1145 4124 non
1164 4070 1263 4140 proba-

126 4159 168 4212 rit
185 4165 251 4213 ante
269 4159 340 4229 quod
355 4163 472 4228 superest
496 4157 599 4212 nuliam
625 4155 751 4212 lacunam
770 4157 854 4212 biars.
893 4153 1044 4220 Conferre,
1063 4171 1135 4225 qnae
1159 4157 1188 4210 iu
1212 4171 1261 4224 pa-

126 4245 191 4312 gina
209 4249 242 4297 40
261 4244 403 4300 adnotavi.
