3010 4896
506 331 549 343 -
595 295 691 381 [113]
737 333 779 344 -
1176 293 1215 361 ιι

165 489 212 556 De
224 489 337 574 Lysiae
356 490 461 556 verbis
482 491 544 556 hoc
561 493 690 576 quidem
711 493 780 558 looo
798 494 891 576 plura
908 515 971 558 non
989 495 1114 578 loquar3
1133 498 1218 559 certe

93 596 156 662 illud
179 599 263 683 quod
281 597 447 663 Scheibius
469 599 537 664 vult
560 620 598 664 ex
621 599 829 670 eiseoncludi
851 601 969 683 nequit.
1005 599 1115 686 Neque
1134 600 1219 665 euim

93 710 121 766 ut
142 703 306 770 historicus
334 709 478 788 tempora
504 705 700 790 singularum
727 727 833 772 rerum
860 707 982 773 dirimit
1007 707 1131 792 Lysias,
1163 708 1218 772 sod

93 813 187 892 paucis
214 811 450 896 comprehendit
477 813 582 878 omnia
603 814 700 890 mala,
727 835 807 899 quse
838 815 913 880 inde
939 835 960 880 a
986 815 1061 880 viris
1088 814 1219 899 popula·

93 917 167 984 ribus
190 919 289 1002 captis
311 919 397 1002 passi
420 921 484 984 sint
507 919 725 986 Athenienses.
1136 983 1137 987 ,

168 1025 279 1091 Restat
301 1025 387 1091 locus
405 1025 621 1105 Plutaroheus,
644 1029 699 1112 qui
716 1034 754 1094 ut
772 1034 857 1094 recte
881 1028 1092 1113 intellegetur,
1114 1029 1221 1114 paullo

93 1131 175 1198 altius
206 1134 421 1218 quaestionem
435 1173 437 1178 ,
453 1139 631 1219 repetamus
663 1157 791 1204 necesse
819 1142 880 1214 est,
912 1137 986 1221 quia
1017 1137 1120 1221 ipsum
1147 1135 1221 1201 Plu-

94 1239 224 1305 tarchum
243 1242 346 1324 primo
364 1241 478 1306 obtutu
492 1241 656 1308 Scheibius
675 1244 722 1308 ita
739 1244 981 1332 sequiuidetur,
999 1250 1036 1309 ut
1055 1243 1221 1310 dissentire

93 1346 128 1410 ab
149 1367 183 1411 eo
205 1367 268 1412 non
294 1347 396 1414 liceat.
441 1349 630 1416 Plutarchus
657 1350 756 1434 igitur
783 1351 866 1415 vitae
888 1350 1044 1435 Lysandri
1073 1371 1139 1434 cap.
1162 1350 1221 1416 XV

60 1451 63 1460 '
94 1453 277 1537 Lysandrum
290 1455 422 1520 navibus
436 1457 595 1542 murisque
609 1459 745 1542 acceptis
760 1459 868 1522 statim
882 1458 927 1522 rei
942 1457 1086 1541 publicae
1100 1463 1222 1522 mutere

94 1567 199 1626 statum
225 1583 407 1645 eggressum
434 1585 501 1630 esse
528 1571 646 1630 narret
697 1565 943 1631 Atheniensibus
969 1572 1074 1630 eutem
1106 1562 1223 1629 acriter

95 1669 302 1734 resistentibus
320 1669 362 1734 ad
379 1671 528 1754 populum
542 1671 663 1737 misisse
682 1693 762 1750 eum,
780 1673 836 1755 qui
855 1671 1004 1748 dicerent,
1022 1693 1085 1736 non
1099 1672 1224 1736 stetisse

95 1775 241 1840 civitatem
263 1779 377 1860 pactis3
404 1784 489 1843 stare
513 1779 595 1844 enim
621 1799 726 1845 muros
750 1779 864 1862 elapsis
888 1777 1012 1856 diebus,
1039 1781 1124 1844 intra
1146 1798 1223 1862 quos

97 1883 221 1948 deiectos
245 1885 449 1967 oportuisset;
473 1886 580 1970 itaque
604 1907 637 1952 se
660 1887 700 1952 de
723 1885 799 1964 illis,
821 1893 857 1951 ut
880 1887 935 1971 qui
957 1886 1136 1970 pactionem
1158 1885 1223 1949 vio-

97 1990 214 2069 lassent,
245 1991 348 2057 denuo
380 1992 544 2058 consilium
575 1993 759 2060 hu'biturum
792 2015 867 2060 esse.
922 1983 1043 2073 Quibus
1075 1993 1225 2077 expositis

98 2097 273 2164 Plutarchus
294 2100 407 2184 pergit,
430 2121 498 2166 esso
521 2103 576 2184 qui
598 2107 738 2178 narrent,
764 2123 799 2168 re
821 2121 896 2166 vera
918 2102 958 2166 de
984 2101 1064 2166 urbe
1091 2099 1227 2166 delenda

99 2205 247 2272 cocullum
281 2207 425 2272 habitum
458 2228 526 2273 esso
558 2209 590 2274 in
622 2211 768 2274 contione
795 2209 932 2292 quedem
959 2207 1225 2273 Lacedaemonio-

99 2333 159 2378 rum
183 2314 398 2399 sooiorumque
426 2310 525 2402 (ἔνιοι
554 2314 589 2380 δὲ
616 2317 673 2380 καὶ
698 2316 908 2402 προτεθῆναί
936 2332 1038 2398 φασιν
1065 2310 1226 2400 γνώμην),

100 2419 125 2482 in
145 2443 205 2504 qua
226 2421 369 2486 Thebani
392 2423 586 2488 censuissent
609 2421 750 2488 Athenas
773 2443 840 2488 esse
864 2423 1063 2501 evertendas,
1087 2422 1227 2488 Phocen-

99 2525 174 2592 sibus
204 2534 311 2594 autem
342 2527 585 2612 obloquentibus
621 2529 785 2612 indignum
815 2528 943 2595 ¹fucinus
974 2529 1094 2594 cunctis
1126 2529 1228 2594 visum

99 2653 169 2710 esse,
199 2635 226 2700 si
252 2640 318 2700 tam
350 2635 482 2701 illustris
510 2636 597 2713 urbs,
629 2658 710 2720 quae
737 2638 818 2703 tales
844 2642 1013 2720 tentosque
1045 2635 1228 2720 protulisset

99 2740 179 2819 siros,
202 2749 404 2809 everteretur.
451 2743 520 2821 Quo
543 2743 626 2808 sacto
650 2765 720 2809 cum
743 2742 886 2808 omnihus
914 2743 947 2808 in
970 2741 1064 2808 rebus
1087 2741 1229 2807 obsecuti

101 2855 193 2912 essem
214 2849 436 2927 Athenienses,
463 2851 504 2916 ad
531 2851 682 2916 tibiarum
710 2856 835 2915 uantum
861 2871 968 2915 muros
996 2849 1145 2915 deiecisse
1168 2848 1229 2932 Ly·

101 2955 238 3020 sundmm
256 2957 463 3042 triremesque
481 2960 666 3050 cremavisse
684 2957 914 3023 exsultantibus
933 2956 1025 3022 sociis
1044 2955 1174 3040 perinde
1193 2975 1231 3019 ac

102 3061 124 3123 si
148 3062 198 3128 ille
224 3063 291 3129 dies
318 3064 477 3131 libertatis
505 3066 631 3130 initium
658 3071 748 3130 esset.
799 3064 921 3131 Deinde
944 3065 1052 3130 stetim
1079 3062 1230 3148 populare

101 3167 255 3252 imperium
277 3173 446 3238 mutavisse
468 3172 665 3256 Lysandrum
688 3172 882 3256 trigintaque
906 3173 990 3238 uiros
1012 3171 1195 3236 instituisse.
1278 3162 1282 3170 ’

182 3279 279 3362 Atqui
307 3281 400 3343 istem
423 3279 584 3345 Plutarchi
612 3281 788 3346 contionem
816 3280 972 3345 nemiuem
996 3278 1104 3361 fugere
1126 3281 1232 3361 potest

104 3381 180 3450 haud
202 3385 357 3452 diuersam
377 3407 443 3451 esse
467 3385 506 3451 ab
530 3408 576 3464 ea,
599 3407 679 3472 quae
697 3385 738 3452 ub
757 3387 919 3452 Andocide
938 3385 996 3464 III,
1015 3387 1067 3463 21,
1089 3383 1231 3450 elleno-

104 3489 211 3570 phonte
230 3491 270 3570 11,
288 3494 319 3570 2,
340 3493 380 3556 19
404 3498 436 3557 61
458 3491 516 3571 ΠΙ,
534 3492 564 3571 b,
584 3495 613 3570 8,
635 3515 655 3558 a
672 3491 793 3559 Iustino
811 3493 848 3570 V,
868 3493 897 3570 8,
914 3493 936 3556 4
959 3495 1232 3558 commemoratur:

102 3617 224 3678 quorum
252 3605 402 3684 quattuor
428 3599 617 3683 scriptorum
645 3606 680 3664 ut
707 3599 888 3666 testimonia
916 3600 1097 3666 existimare
1125 3597 1233 3681 possis,

103 3703 190 3770 rerba
210 3707 280 3789 ipse
302 3706 441 3772 afferam.
1074 3699 1077 3706 ¹

184 3812 298 3878 Audon
321 3820 461 3898 πρῶτον
492 3811 553 3896 μὲν
583 3804 646 3899 γὰρ
678 3806 778 3900 ἡνίκα
810 3806 1029 3897 ἀπωλέσαμεν
1062 3802 1121 3889 τὰς
1153 3817 1235 3886 ναῦς

107 3911 139 3976 ἓν
158 3907 385 4004 Ἑλλησπόντῳ
418 3920 474 3984 καὶ
506 3915 698 4006 τειχήρεις
730 3916 963 4005 ἐγενόμεθα,
996 3920 1072 3985 τίνα
1098 3912 1234 4003 γνώμην

109 4015 217 4089 ἔθεντο
243 4027 321 4110 περὶ
347 4017 443 4112 ἡμῶν
471 4023 503 4090 ol
534 4031 597 4090 νῦν
624 4027 685 4111 μὶν
715 4019 868 4115 ἡμέτεροι
901 4021 978 4092 τότε
1012 4025 1046 4090 δὲ
1076 4025 1234 4090 Λακεδαι-

110 4131 224 4206 μονίαν
246 4127 342 4212 ὄντες
360 4129 520 4219 σύμμαχοι
540 4133 596 4220 (sc.
617 4131 650 4199 ol
668 4137 844 4222 Boccarol);
868 4127 909 4200 οὐ
932 4125 993 4220 τὴν
1016 4128 1118 4198 πόλιν
1141 4122 1236 4217 ἡμῶν

113 4225 400 4322 ἀνδραποδίζεσθαι
417 4243 474 4305 καὶ
496 4231 559 4328 τὴν
580 4236 694 4326 χώραν
714 4239 874 4329 ἐρημοῦν;
898 4238 930 4307 ol
950 4240 985 4306 δὲ
1009 4234 1237 4305 διακωλύσαν-

115 4362 161 4417 τες
184 4353 281 4412 ταῦτα
303 4339 346 4433 μὴ
373 4343 531 4432 γενέσθαι
559 4349 647 4425 τίνες
674 4335 758 4435 ἦσαν
764 4375 775 4426 ;
804 4341 844 4415 οὐ
873 4341 1131 4431 Λακεδαιμόνιοι
1159 4336 1238 4421 τοὺς

1061 4455 1078 4506 2
