3048 4898
271 321 315 385 eo
719 359 761 368 -
807 323 881 404 [84]
929 361 967 370 -

271 517 303 578 in
326 514 563 582 collectionibus
582 518 743 582 exstantia
766 519 804 594 ei,
828 516 882 600 qui
906 517 955 580 his
973 515 1115 599 legendis
1134 515 1233 580 otium
1252 533 1414 580 consume-

269 621 335 699 bat,
358 622 437 688 adeo
459 622 594 688 molesta
615 623 814 700 videbantur,
836 629 874 688 ut
895 644 1009 688 novam
1028 629 1123 707 atque
1142 643 1198 687 suo
1217 623 1343 706 quidem
1366 623 1415 683 iu-

270 729 353 794 dicio
372 729 570 794 emendatam
588 730 740 814 syllogam
758 729 932 796 conficeret.
971 729 1104 795 Videtur
1121 728 1220 812 igitur
1233 727 1415 794 Nietzschio

270 837 467 902 adversarius
499 837 730 920 quodammodo
761 837 789 902 is
817 837 873 920 qui
900 837 1002 902 denuo
1031 836 1158 919 collegit
1186 835 1282 902 fuisse
1309 835 1415 900 Theo·

269 943 367 1028 gnidi‚
389 943 422 1007 in
445 964 507 1026 quo
530 944 654 1028 saepius
677 944 818 1028 parodiis
837 944 978 1009 cavillari
1002 943 1168 1008 studuerit.
1206 943 1311 1026 Atque
1333 943 1415 1007 adeo

269 1071 340 1114 cum
372 1051 515 1116 studeret
547 1037 643 1137 (teste
679 1051 872 1138 Nietzschio)
905 1050 1118 1133 Theognidem
1155 1052 1202 1115 ita
1233 1051 1416 1133 depingere,

226 1184 227 1188 ¹
270 1156 358 1238 quasi
376 1156 487 1222 fuisset
505 1157 599 1222 homo
621 1158 777 1241 voluptati
799 1158 983 1241 obsequens,
1006 1157 1126 1223 scilicet
1144 1163 1272 1241 potator
1289 1162 1416 1220 amator

269 1264 426 1340 cinaedus,
448 1264 589 1328 moribus
612 1263 781 1330 laxissimis
805 1264 981 1348 indulgens
1004 1264 1089 1328 vitiis
1104 1241 1248 1348 'deniqne
1267 1261 1415 1328 omnibus

270 1369 314 1434 eis
337 1370 522 1448 instructus,
545 1393 626 1454 quae
648 1371 802 1437 dedecent
824 1373 1057 1436 adulescentiae
1080 1378 1329 1455 praeceptorem,
1352 1391 1413 1452 pa-

269 1461 374 1542 rodica
398 1478 575 1542 collectioni
601 1478 735 1544 insenuit
758 1479 865 1561 eisque
886 1481 919 1543 in
943 1500 1038 1542 unum
1062 1485 1263 1562 conspectum
1286 1476 1414 1542 collatis

268 1582 301 1647 id
325 1585 401 1666 egit,
429 1589 465 1648 ut
492 1586 719 1650 sententiarum
746 1591 915 1668 praecepta
941 1587 1005 1650 iam
1032 1587 1222 1651 auctoritate
1250 1585 1334 1650 omui
1358 1605 1413 1648 ca-

268 1696 375 1755 rerent
409 1695 505 1774 atque
542 1691 574 1756 in
605 1692 777 1756 iocularem
809 1713 933 1758 sensum
965 1694 1237 1777 detorquerentur.
1271 1729 1311 1738 -
1344 1689 1414 1754 Nec

193 1872 200 1884 ἢ
268 1796 412 1878 equidem
448 1795 567 1862 infitior
602 1798 793 1882 Theognidis
830 1801 969 1865 carmina
1006 1800 1129 1883 saepius
1165 1799 1305 1882 parodiis
1341 1818 1413 1862 asse

268 1904 510 1987 circumscripta
556 1905 708 1971 Parodias
735 1907 818 1970 enim
846 1907 893 1972 ita
914 1914 1036 1972 tantum
1061 1909 1122 1970 vim
1145 1912 1240 1989 atque
1264 1903 1412 1969 effectum
1507 1901 1508 1964 ζ

267 2009 384 2076 habere
403 2017 535 2088 constat,
553 2013 581 2076 si
599 2014 682 2077 uotis
701 2012 843 2078 versibus
861 2013 1022 2097 fingantur
1036 2013 1160 2078 similes.
1198 2013 1302 2095 Atque
1315 2032 1412 2094 paro-

267 2117 391 2182 diarum
402 2118 427 2203 1)
451 2119 538 2182 lusus
560 2120 645 2202 apud
670 2120 806 2186 Graecos
829 2121 964 2185 maxime
982 2119 1124 2184 floruisse
1148 2126 1181 2185 ct
1202 2119 1236 2184 in
1260 2118 1412 2184 conviviis

266 2225 464 2306 potissimum
490 2226 655 2290 materiam
673 2229 855 2311 copiamque
874 2226 1092 2292 oblectationis
1110 2226 1292 2310 praebuisse
1310 2232 1411 2309 patet.
1507 2275 1508 2294 ι

267 2331 325 2396 Est
352 2336 459 2396 autem
486 2330 598 2396 horum
626 2333 764 2398 iocorum
792 2335 966 2417 proprium,
994 2341 1029 2399 ut
1056 2355 1094 2399 ea
1119 2332 1315 2416 potissimum
1339 2353 1411 2396 car-
1507 2381 1508 2420 3

267 2438 353 2502 mina
380 2444 621 2521 persequantur,
654 2461 734 2522 quae
761 2447 999 2524 praeceptorum
1026 2440 1119 2505 modo
1147 2461 1308 2523 expressas
1336 2461 1412 2504 scn-
1507 2517 1508 2526 ἵ

268 2543 383 2608 tentias
402 2547 592 2610 contineant.
630 2546 743 2629 Itaque
761 2547 909 2630 parodias
928 2548 960 2612 in
979 2547 1170 2630 Theognide,
1189 2548 1277 2612 cuius
1295 2549 1412 2630 poeitae

267 2650 392 2716 laudem
410 2651 496 2734 apud
514 2673 629 2730 omnes
653 2655 707 2736 qui
725 2653 879 2718 bonanrm
897 2655 1014 2718 artium
1033 2653 1146 2719 studiis
1165 2653 1412 2729 oblectarentur,
1507 2729 1508 2734 γ

266 2759 435 2823 maximam
457 2759 554 2825 fuisse
577 2747 709 2837 cons‘tut,
732 2761 765 2824 in
787 2761 906 2844 primis,
929 2769 966 2826 ut
988 2763 1035 2826 ita
1052 2760 1164 2837 dicam,
1187 2761 1294 2826 sedem
1312 2760 1410 2826 collo-

266 2886 352 2931 casse
375 2888 437 2932 nou
460 2867 637 2931 mirandum
662 2874 717 2932 est.
1031 2871 1033 2874 ’

355 2972 422 3038 Iam
453 2979 490 3037 ut
521 2975 686 3039 redeamus
718 2975 759 3038 ad
791 2974 1005 3040 adversarium
1036 2975 1140 3049 illum,
1171 2996 1264 3057 quem
1290 2974 1409 3042 infesto

266 3080 395 3145 ductum
414 3080 552 3157 consilio,
571 3086 607 3145 ut
625 3081 817 3165 Theognidis
835 3081 957 3146 Musam
976 3080 1176 3159 deformaret,
1194 3083 1275 3148 veris
1293 3087 1408 3166 potitae

266 3187 406 3252 versibus
434 3187 638 3252 immiscuisse
665 3188 812 3272 parodias
840 3189 973 3254 coniecit
996 3188 1205 3264 Nietzschius‚
1232 3189 1311 3254 haec
1332 3211 1408 3255 con·

266 3293 386 3358 iectura
412 3315 524 3377 parum
546 3295 625 3358 mibi
648 3295 773 3360 videtur
796 3317 863 3361 esse
885 3295 1049 3379 probanda
1071 3297 1120 3360 vel
1143 3297 1254 3362 saltem
1277 3298 1407 3362 artiori·

266 3400 324 3464 bus
352 3400 636 3466 circumscribenda
663 3398 787 3466 finibus.
833 3402 984 3468 Parodias
1008 3403 1090 3468 enim
1113 3403 1184 3468 illas
1207 3403 1316 3468 eadem
1340 3425 1408 3469 esse

265 3513 370 3572 aetate
398 3513 495 3584 ortae,
523 3529 585 3590 qua
612 3511 706 3590 poeta
731 3509 871 3574 carmina
897 3510 1075 3575 condiderit
1101 3509 1298 3592 conditisque
1321 3513 1406 3593 apud

265 3633 372 3678 omnes
396 3614 499 3678 clarus
522 3613 628 3691 fuerit,
651 3637 690 3679 ex
713 3636 758 3693 ec,
781 3617 863 3700 quod
888 3637 984 3700 supra
1006 3618 1045 3681 de
1068 3617 1208 3700 parodiis
1227 3619 1407 3681 summatim

265 3721 479 3797 iudicavimus
501 3724 569 3786 veri
587 3722 689 3786 simile
708 3729 763 3787 est.
801 3723 912 3806 ltaque
930 3725 993 3788 iam
1012 3724 1186 3806 antiquitus
1206 3724 1407 3790 collectiones

265 3826 481 3910 Theognideas
499 3830 639 3910 parodiis
657 3835 817 3912 pertentas
835 3851 897 3894 non
921 3829 961 3894 ab
981 3852 1017 3895 co
1040 3832 1165 3895 demum
1187 3832 1241 3913 qui
1264 3837 1406 3896 nostram

265 3935 417 4018 syllogam
444 3936 707 4001 consarcinaverit
727 3933 884 4019 profectas
907 3957 974 4001 esse
996 3937 1191 4021 probabilius
1218 3936 1296 4002 mihi
1318 3937 1406 4003 vidc-

264 4041 376 4126 atur.²)
423 4041 617 4127 Quamquam
644 4065 707 4109 uon
737 4044 832 4126 plane
858 4045 968 4127 negari
995 4050 1100 4128 potest
1128 4045 1223 4109 etiam
1250 4044 1306 4109 diu
1333 4051 1407 4128 post

265 4159 429 4168 ————
443 4163 466 4166 —

355 4203 373 4266 ¹)
392 4200 441 4255 csr.
460 4202 637 4256 Welckerum
655 4219 681 4271 p.
701 4201 814 4256 LXXX.

353 4288 374 4354 ²)
392 4289 556 4344 Welckerus
579 4308 604 4360 p.
624 4292 674 4346 LX
693 4290 868 4361 parodiarum
891 4307 990 4360 agmen
1009 4307 1042 4348 ex
1062 4292 1174 4362 syllogis
1193 4293 1291 4348 nostris
1311 4309 1405 4364 segre·

264 4375 347 4444 gavit.
376 4407 408 4416 —
437 4395 461 4430 v.
485 4379 510 4432 d.
534 4380 631 4448 Mcyus
659 4381 686 4433 in
714 4379 796 4434 tertio
820 4382 1056 4435 commentationis
1079 4397 1161 4450 supra
1184 4383 1313 4438 laudatae
1343 4402 1404 4456 cap.
