3010 4896
492 337 536 349 -
581 299 678 384 [υτ]
724 339 766 350 -
1158 265 1221 369 31⁰

92 493 137 576 ipse
154 516 202 560 res
224 495 275 572 sit,
298 493 343 561 eis
361 494 465 560 verbis
486 494 568 560 nihil
590 495 708 561 dicitur
729 497 791 562 nisi
813 497 990 573 Eucmtem,
1012 519 1202 581 quemquem

91 621 182 667 summo
203 600 273 667 loco
290 607 384 667 nctus
402 622 586 686 summeque
604 603 735 687 insignis
753 603 942 669 auctoritate
961 624 1032 668 cum
1050 603 1083 667 in
1101 607 1201 670 socie-

90 713 344 786 convocaretur
365 709 574 793 optimatium,
596 707 688 775 focile
711 711 744 774 in
767 731 896 776 numero
914 710 1048 793 triginta
1065 711 1202 776 virorum

89 835 135 879 ese
154 822 272 899 posset,
295 821 401 880 tumeo
423 816 503 880 mori
525 815 673 882 moluisse
696 838 791 901 quam
813 817 950 900 patriam
972 815 1114 900 prodere.
1159 816 1203 882 At

90 941 116 983 er
131 923 245 988 eudem
267 921 331 987 illis
354 920 457 986 verbis
478 923 563 988 unde
586 921 750 990 Scheibius
773 930 847 990 ente
869 944 978 1006 pacem
1000 922 1116 989 fectum
1138 923 1202 989 Eu·

88 1035 179 1094 cratem
202 1028 336 1094 occisum
359 1048 427 1094 esse
450 1029 580 1106 censuit,
603 1030 721 1096 crimen
739 1030 824 1114 quod
846 1029 944 1096 doerit
966 1031 1093 1113 agnosci
1116 1037 1202 1114 puto.

87 1131 145 1198 Num
174 1135 280 1202 omnis
310 1135 391 1218 poti,
421 1139 459 1198 ut
488 1135 695 1202 Athenienses
722 1142 876 1215 servaret,
906 1136 1054 1202 moluisse
1086 1137 1202 1202 dicitur

86 1261 157 1323 quum
173 1242 280 1308 ridere
296 1261 403 1306 muros
422 1242 545 1308 dirutos
563 1248 596 1307 et
613 1263 707 1309 naves
725 1243 869 1310 traditus.
901 1242 959 1309 His
977 1243 1081 1310 verbis
1099 1263 1202 1310 nonne

84 1347 234 1414 clarissime
261 1348 409 1415 docemur
439 1349 523 1415 inter
550 1369 604 1414 eos
635 1349 725 1415 illum
756 1348 867 1428 tuisse,
898 1349 953 1434 qui
981 1350 1066 1416 omni
1097 1351 1202 1417 studio

84 1455 228 1535 prohibere
251 1455 381 1534 vellent,
407 1477 448 1522 ne
474 1477 569 1522 neves
596 1458 797 1523 traderentur
824 1456 967 1541 munique
993 1458 1202 1536 diruerentur,

84 1560 167 1628 idest
188 1583 228 1628 ue
250 1584 313 1647 pax
334 1563 391 1630 illa
413 1564 621 1648 ignominioso
642 1563 900 1630 concluderetur?
940 1563 1060 1630 Eodem
1082 1565 1202 1631 scilieet

83 1669 160 1734 verbs
180 1670 221 1736 dc
238 1669 456 1756 Dionysodoro
475 1677 507 1736 et
525 1669 758 1737 Strombiohide
775 1671 890 1749 vedent,
912 1670 967 1754 qui
990 1671 1023 1736 in
1045 1692 1202 1738 carcerem

82 1777 197 1844 coniecti
214 1785 297 1856 suut,
319 1778 501 1863 priusquam
524 1777 557 1844 id
575 1776 675 1855 fieret
697 1777 783 1861 quod
800 1776 869 1844 fieri
887 1776 1045 1843 nolebant
1082 1778 1201 1844 Euora-

82 1889 129 1948 tenr
155 1885 217 1949 ium
244 1885 347 1950 elucet
373 1884 456 1950 inter
483 1904 537 1951 eos
564 1885 659 1951 duces
686 1883 795 1960 tuisse,
826 1885 881 1967 qui
912 1905 969 1967 per
996 1884 1200 1964 Theramenis

81 1991 277 2074 sociorumque
297 1991 364 2056 eius
386 1991 516 2056 iusidias
534 1992 674 2075 Agoratc
692 1990 827 2056 maxime
845 1994 972 2056 auctore
994 1990 1027 2055 in
1046 2013 1200 2058 carcerem

81 2099 196 2163 coniecti
213 2103 295 2164 sunt.
332 2096 414 2162 Nem
432 2099 569 2182 primum
586 2118 693 2182 pugna
710 2097 795 2181 apud
815 2096 1061 2180 Aegospotamos
1072 2097 1098 2184 ¹)
1117 2120 1201 2164 com·

80 2205 159 2270 nime
175 2225 244 2270 cum
262 2205 334 2270 eliis
353 2205 416 2268 dux
435 2211 559 2270 creatus
578 2208 640 2268 est:
660 2205 754 2270 duces
772 2209 878 2269 eutem
895 2205 1029 2269 maxime
1047 2206 1200 2272 restitisse

80 2308 249 2378 Ther-ameni
276 2317 310 2376 et
336 2311 459 2377 insidiis
482 2310 682 2395 optimatium
709 2310 826 2394 petitos
853 2330 931 2387 esse,
957 2329 977 2374 e
999 2309 1094 2394 Lysia
1115 2313 1199 2377 tradi

79 2414 131 2481 ism
154 2439 249 2502 supra
275 2418 419 2484 vidimus.
465 2416 570 2500 Atque
600 2422 727 2500 praetor
753 2416 1019 2503 Dionysodorum,
1047 2419 1097 2482 cui
1123 2419 1200 2484 ulci-

78 2523 176 2589 scendo
194 2525 297 2590 cretio
316 2523 394 2589 XIII
417 2523 577 2590 destincte
595 2530 653 2602 est,
675 2530 708 2588 et
726 2520 990 2589 Strombiohidem
1009 2524 1104 2590 etiem
1121 2525 1201 2593 elios

79 2629 159 2696 duces
176 2631 286 2698 eadem
299 2635 384 2696 sorte
398 2651 471 2697 usos
485 2652 552 2698 esse
566 2636 700 2714 opperet
713 2651 751 2695 ex
769 2629 846 2714 ipsis
859 2629 972 2714 Lysiae
986 2630 1098 2708 verbis,
1115 2633 1201 2716 apud
1254 2620 1257 2626 ¹

78 2757 156 2817 quom
172 2737 258 2814 XIII,
272 2738 320 2802 '13
339 2737 527 2804 Therameni
545 2737 693 2822 Spartam
705 2736 860 2800 ¹redeunti
883 2735 1009 2802 obviem
1032 2745 1108 2803 eunt
1130 2745 1200 2804 τῶν

78 2851 255 2931 στρατηγῶν
272 2867 362 2922 τινες
379 2847 524 2910 καὶτῶν
543 2837 739 2930 ταξιάρχων,
758 2829 809 2906 ὦν
826 2829 868 2928 ἦν
887 2844 1127 2930 Στρομβιχίδης
1144 2845 1201 2908 καί

78 2947 327 3038 Διονυσόδωρος,
357 2951 413 3016 καὶ
437 2943 532 3017 ἄλλοι
559 2942 647 3029 τινὲς
672 2957 743 3016 τῶν
770 2951 967 3038 acteone
1012 2951 1060 3016 De
1086 2950 1201 3034 quibus

77 3075 146 3136 quoe
163 3058 329 3143 diligenter
348 3063 458 3122 narret
474 3057 593 3143 Lysios,
615 3057 772 3141 quomodo
790 3077 896 3122 amore
918 3056 964 3122 rei
987 3054 1130 3140 publicae
1152 3057 1201 3122 in-

78 3163 150 3226 censi
171 3165 223 3242 eis,
253 3166 308 3249 qui
334 3186 402 3230 rem
428 3163 587 3247 publicum
613 3163 747 3228 liberam
770 3169 919 3246 evertere-
938 3163 1120 3242 studebunt,
1151 3186 1201 3230 re-

79 3267 202 3337 stiterint
222 3291 395 3355 pacemque
412 3272 627 3355 turpissimum
644 3269 786 3352 accipere
803 3269 973 3347 noluerint,
996 3270 1053 3336 sed
1074 3291 1131 3356 per
1153 3270 1201 3335 in-

79 3374 161 3442 sities
181 3379 213 3444 iu
235 3399 393 3444 carcerem
410 3378 545 3444 coniecti
567 3382 600 3443 et
621 3377 755 3462 triginta
772 3377 848 3442 viris
870 3377 1025 3443 institutis
1048 3377 1201 3461 supplicio

79 3479 167 3549 affecti
186 3486 263 3551 sint:
286 3505 415 3569 prorsus
438 3484 548 3550 eedem
566 3485 606 3551 de
624 3485 762 3550 Euorste
784 3483 892 3561 trudit,
915 3484 969 3568 qui
991 3483 1056 3549 dux
1076 3490 1201 3550 creotus

154 3645 172 3708 ¹)
189 3645 250 3714 Lys.
266 3643 372 3708 XVIII,
392 3645 409 3699 4
427 3635 478 3713 ἤδη
498 3646 546 3712 τῆς
563 3643 726 3707 τελευταίας
745 3641 900 3712 ναυμαχίας
918 3638 1108 3712 γεγενημένης
1126 3684 1132 3696 .
1149 3685 1154 3696 .
1171 3685 1198 3696 ..

80 3717 223 3796 ἡττημένων
241 3727 298 3802 γὰρ
312 3728 343 3786 ἐν
357 3735 391 3801 τῇ
410 3732 557 3806 ναυμαχίᾳ.
586 3730 708 3786 Aduotot
722 3731 757 3786 od
772 3730 933 3786 vocobulum
952 3730 1107 3800 ναυμαχίας
1121 3731 1199 3786 Reit-

80 3812 129 3869 kius
141 3818 241 3889 (Lydos
255 3822 269 3875 1
283 3838 310 3890 p.
325 3822 399 3887 601):
419 3819 466 3887 „in
479 3819 575 3876 Sicilie
588 3825 664 3888 puto,
683 3836 768 3890 prope
783 3821 957 3890 Syracusss‘t
985 3820 1040 3875 Sed
1055 3835 1117 3874 oum
1130 3820 1200 3874 hoec

81 3905 152 3960 ontio
168 3917 227 3977 poet
244 3908 361 3980 trigInte
374 3908 447 3964 siros
463 3907 591 3978 expulsos
609 3907 706 3964 habito
720 3909 764 3976 sit,
778 3908 856 3964 nullo
870 3907 927 3964 ulio
944 3907 999 3964 uisi
1017 3924 1109 3978 pugno
1126 3909 1201 3978 opud

81 3991 274 4064 Aegospotamos
301 3997 446 4053 commisso
469 3996 658 4067 intellegendo
680 4003 729 4053 cst.
769 3998 875 4054 Eodem
903 3998 937 4053 de
965 4013 1057 4068 pugno
1079 3997 1201 4068 loquitur

33 4089 35 4100 “
81 4073 161 4146 Lysim
175 4083 247 4151 XXI,
267 4073 352 4142 9312
371 4080 427 4157 γὰρ
441 4081 473 4140 ἐν
491 4089 524 4155 τῇ
542 4087 691 4162 τελευταίᾳ
710 4086 849 4160 ναυμαχίᾳ
868 4081 897 4140 αἱ
916 4089 981 4156 νῆες
994 4081 1200 4157 διεφθάρησαν.

155 4171 251 4240 ’JUos
270 4191 332 4230 oum
351 4173 553 4231 Strombiohide
577 4181 605 4230 et
622 4174 810 4247 Dionysodoro
828 4173 967 4231 Colliudes
986 4174 1096 4246 quidum
1115 4173 1200 4229 inter-

80 4251 155 4312 fectos
172 4267 210 4316 est
223 4263 296 4334 (Lys.
308 4263 397 4329 XXX,
412 4264 468 4333 14);
488 4263 536 4333 qui
553 4263 610 4320 ium
627 4269 711 4320 untes
729 4264 783 4320 dux
803 4269 920 4331 erectus,
939 4262 994 4318 nisi
1010 4262 1120 4319 comice
1138 4262 1200 4333 pori

82 4340 187 4405 follium
203 4352 282 4418 (Plut.
302 4352 364 4408 NIc.
383 4370 406 4408 c.
425 4354 460 4421 6),
484 4352 568 4408 etism
590 4359 649 4408 tum
671 4352 702 4409 iu
720 4353 819 4410 ducum
843 4367 955 4409 numero
978 4351 1068 4409 foisse
1083 4351 1199 4408 ridetur.
