3034 4896
723 334 939 397 ,16-

352 525 393 584 59
416 544 475 606 qno
496 543 609 606 qenere
632 521 665 584 in
682 521 798 605 primis
820 521 920 586 animi
939 529 1056 586 natare
1078 529 1204 604 reperto
1227 529 1273 585 est

418 627 523 692 nativo
542 627 682 711 primum
704 628 870 691 cnesnctere
892 649 1021 710 corpore
1043 633 1130 689 ereta

419 753 475 794 nec
491 753 587 813 posse
609 731 772 795 incolumia
793 752 941 815 maqnnm
963 731 1081 793 derare
1096 751 1159 811 per
1181 750 1297 808 aevom,

420 835 476 898 sed
495 835 666 898 sinenteern
687 835 786 898 solere
808 834 842 896 in
864 833 978 897 somnis
990 833 1116 918 fallere
1137 839 1282 908 mentem,

420 961 545 1001 eernere
568 960 637 1000 enm
659 937 822 1001 videamur
845 959 925 1014 enm,
951 959 1041 1020 quem
1063 936 1129 999 cita
1151 936 1291 1020 relicuit.

352 1041 463 1124 Itaque
493 1039 570 1104 mibi
601 1040 773 1106 verisimile
797 1039 923 1107 videtur
945 1039 1143 1119 Lucretium,
1177 1060 1248 1105 cum
1275 1038 1389 1103 initium

266 1144 495 1229 disputationis
511 1144 551 1210 de
566 1143 747 1209 simulacris
762 1143 891 1226 laceret,
911 1143 1038 1208 omnino
1053 1143 1246 1226 prooemium
1262 1143 1293 1208 ei
1306 1161 1392 1226 prae-

267 1248 391 1314 mittere
414 1248 565 1313 noluisse.
614 1246 743 1313 Scilicet
772 1246 805 1311 id
828 1267 902 1312 eum
932 1254 1045 1331 postea
1075 1246 1109 1311 in
1140 1266 1235 1331 opere
1264 1266 1321 1311 suo
1346 1266 1391 1310 re-

267 1351 428 1418 censendo
451 1351 606 1416 facturum
629 1349 745 1431 luisse,
772 1350 958 1434 pracsertim
988 1369 1060 1415 cum
1091 1369 1143 1415 res
1172 1349 1206 1414 iu
1236 1349 1392 1414 tractando

268 1461 381 1520 auctae
394 1453 459 1538 ipsi
474 1473 546 1518 esse
561 1453 755 1534 viderentur,
773 1452 957 1518 concedam.
990 1452 1144 1518 Versibus
1159 1473 1234 1518 vero
1250 1453 1276 1534 I,
1295 1455 1390 1516 926-

269 1563 309 1621 50
325 1577 397 1622 eum
414 1564 480 1622 tum
501 1577 632 1622 usurum
656 1556 755 1622 fuisse
774 1575 846 1621 cum
862 1554 1068 1621 Lachmanno
1083 1555 1291 1622 vehementer
1305 1574 1391 1638 nego.

269 1659 306 1724 ld
328 1660 426 1743 igitur
448 1660 656 1744 prooemium,
681 1657 766 1742 quod
787 1679 871 1725 nuuc
893 1658 926 1723 iu
950 1657 1113 1730 codicibus
1128 1665 1244 1741 exstat,
1270 1665 1394 1744 apoetu

269 1784 332 1828 uon
355 1771 406 1830 est
427 1763 583 1830 additum.

354 1970 422 2035 Iam
446 1989 521 2035 vero
544 1968 770 2052 quaerentibus
791 1969 900 2046 nobis,
931 1989 1036 2052 aquo
1066 1967 1242 2053 profectum
1270 1970 1326 2052 sit,
1356 1968 1395 2034 ad

268 2075 400 2138 alteram
422 2073 632 2154 iterationem,
659 2073 798 2155 quaein
820 2071 912 2137 initio
933 2073 1037 2154 quarti
1060 2073 1133 2138 libri
1155 2072 1317 2139 codicibus
1333 2079 1393 2136 ba-

269 2175 363 2258 ditur,
390 2175 625 2260 respiciendum
641 2183 701 2241 est.
738 2175 890 2258 Legimus
906 2176 990 2240 enim
1006 2175 1081 2242 inde
1097 2196 1117 2240 a
1133 2195 1228 2242 versu
1244 2179 1285 2239 42
1302 2175 1388 2239 baec:

426 2279 508 2342 Dico
530 2279 630 2362 iqitnr
652 2301 758 2343 rnnm
780 2279 906 2364 effiqtm
930 2279 1088 2364 tenensque
1097 2279 1228 2364 fiqrerm

423 2382 541 2445 mittier
563 2384 602 2446 ab
624 2383 724 2462 redes,
750 2403 868 2446 sommo
890 2384 929 2445 de
951 2405 1080 2465 corpore
1102 2385 1254 2466 rernm¹}.

425 2485 461 2547 id
482 2485 554 2548 licet
574 2485 646 2548 hinc
668 2486 809 2570 quamvis
830 2485 933 2549 hebeti
952 2509 1133 2570 concrescere
1155 2487 1257 2550 corde.

356 2593 396 2650 45
423 2588 644 2674 sedquoniam
667 2589 768 2668 docui,
794 2597 977 2652 cunctarum
1001 2590 1130 2654 ceordic
1151 2611 1255 2654 rernm

424 2692 532 2776 quotie
553 2691 617 2754 sint
640 2700 671 2756 et
692 2713 786 2776 qnam
808 2691 905 2756 nareis
926 2693 1078 2756 distantia
1089 2692 1211 2778 fonnis

424 2803 534 2876 sponte
555 2817 613 2858 sna
636 2794 766 2858 volitent
788 2803 913 2859 aeterno
933 2795 1057 2878 percita
1078 2803 1165 2859 rnotn

425 2921 522 2982 qnooe
544 2899 632 2961 niodo
650 2899 777 2980 possint
798 2921 848 2961 res
870 2921 908 2961 ee
930 2898 1141 2984 linquaeque
1163 2898 1276 2973 creari,

424 3023 505 3064 nnnc
527 3023 622 3084 aqere
643 3001 792 3085 ineptam
815 3001 880 3082 tibi,
906 3003 992 3086 qnod
1005 3009 1160 3066 vernenter
1174 3002 1219 3066 ad
1231 2999 1290 3064 tas
1303 3021 1351 3063 rea

357 3110 397 3168 50
423 3106 545 3184 attinet,
572 3128 636 3168 esse
657 3128 705 3184 eo,
732 3129 811 3190 qnae
833 3127 938 3170 rernm
960 3106 1132 3170 simulacra
1154 3127 1307 3184 vocamen,

426 3231 503 3300 qnae
526 3209 617 3293 qnasi
637 3209 835 3273 membranae
856 3210 906 3274 oet
926 3217 1032 3274 corten
1054 3209 1309 3285 nominitendoet

426 3315 510 3398 qnod,
528 3313 661 3397 speciem
682 3336 720 3376 nc
732 3315 881 3398 formano
903 3313 1035 3376 similene
1054 3313 1139 3398 qerit
1161 3313 1227 3376 eine
1248 3313 1356 3396 innoc,

424 3417 641 3500 eninecnmqne
662 3417 747 3480 elnet
767 3417 807 3480 de
829 3438 958 3498 corpore
969 3417 1055 3501 snae
1076 3417 1197 3501 caffari.

421 3519 579 3603 principio
602 3520 748 3606 qnoniam
771 3519 899 3584 nrittnnt
921 3519 955 3582 in
977 3522 1068 3584 rebno
1090 3519 1208 3603 apertis
1240 3544 1267 3583 e.
1287 3544 1316 3605 q.
1335 3540 1359 3582 e.

551 3623 824 3704 45-48=111,
851 3624 978 3687 31-34
1006 3623 1053 3706 (31
1079 3625 1118 3707 et)

553 3730 679 3791 49-50
702 3726 820 3808 =1v,
853 3727 991 3790 29-30.

271 3831 390 3897 Versus
419 3829 495 3894 inde
517 3849 537 3894 a
559 3834 600 3892 45
630 3849 732 3911 usque
762 3828 804 3894 ad
827 3833 867 3894 53
898 3848 936 3893 eo
964 3848 1027 3909 quo
1049 3828 1200 3911 leguntur
1228 3828 1297 3891 loco
1327 3823 1395 3890 terri

271 3953 333 3998 non
356 3953 451 4018 posse
474 3940 619 4017 apparet.
667 3931 780 4015 Neque
802 3933 885 3997 enim
909 3934 1035 3994 51-53
1059 3931 1235 4015 perfectum
1256 3928 1397 3996 enuntia-

343 4089 357 4150 ¹l
381 4087 419 4151 id,
440 4089 514 4155 quod
533 4087 644 4141 codices
663 4087 766 4140 babent
782 4105 882 4140 srennno
900 4087 932 4140 de
951 4087 1076 4140 cortice
1101 4105 1210 4140 eornm
1228 4085 1396 4139 librariorum
1454 4131 1458 4140 .

271 4175 368 4242 culpae
391 4175 502 4228 videtur
527 4173 631 4227 deberi.
671 4173 740 4226 Nam
764 4173 787 4226 si
812 4173 1008 4239 interpolatum
1033 4179 1122 4236 esset,
1148 4177 1224 4227 certe
1249 4171 1395 4239 legeremus

272 4279 384 4314 tarum.
