3048 4898
720 389 760 401 ..
807 351 881 436 [82]
928 391 970 400 ..

365 543 508 630 Denique
525 552 636 629 aperte
653 551 795 630 praestat
812 549 928 632 prioris
946 548 1084 632 syllegae
1107 549 1200 613 lectio
1224 549 1256 613 in
1276 547 1417 613 versibus

365 667 429 733 213
454 666 594 755 Κύρνε,
622 673 741 753 φίλους
767 667 867 738 κάτα
894 667 1025 750 πάντας
1053 670 1231 758 ἐπίστρεφε
1258 673 1417 739 ποικίλον

591 766 687 864 ἦθος,
710 777 815 864 (θυμέ
836 779 867 844 Α
890 801 948 863 pro
971 775 1096 866 Κύρνε)

364 882 429 949 214
497 875 617 970 ὀργὴν
640 887 880 970 συμμίσγων,
903 876 1031 972 ἥντιν’
1054 881 1194 964 ἕκαστος
1217 883 1321 971 ἔχει(

363 989 428 1054 215
452 985 652 1073 [Πουλύπου
675 983 778 1078 ὀργὴν
802 990 869 1075 ἴσχε
893 987 1125 1072 πολυπλόκου,
1148 982 1185 1070 ὃς
1202 993 1284 1058 ποτὶ
1300 992 1417 1077 πέτρη,

362 1095 426 1161 216
494 1103 535 1179 τῇ
556 1094 795 1185 προσομιλήσῃ,
818 1112 910 1176 τοῖος
932 1097 1016 1162 ἐδεῑν
1040 1094 1173 1186 ἐφάνη]

363 1201 426 1268 217
451 1209 514 1268 νῦν
536 1202 597 1286 μὲν
620 1198 696 1288 τῇδ’
715 1203 854 1287 ἐφέπου,
876 1203 954 1269 τοτὲ
974 1197 1003 1270 δ’
1021 1197 1156 1284 α’λλοῑος
1175 1203 1273 1292 χρόα
1290 1207 1416 1290 γίνου·

363 1310 427 1374 218
495 1309 648 1395 κρέσσων
661 1335 715 1378 τοι
735 1312 837 1398 σοφίη
849 1313 976 1395 γίνεται
995 1304 1205 1400 ἄτροπίης(0
1222 1310 1418 1398 κραιπνόν),

273 1417 327 1499 qui
348 1417 382 1482 iri
404 1417 545 1482 versibus

364 1524 445 1589 1071
471 1519 597 1609 Κύρνε,
624 1526 743 1605 φίλους
769 1516 868 1610 πρὸς
894 1521 1025 1603 πάντας
1052 1523 1229 1611 ἐπίστρεφε
1256 1527 1417 1592 ποικίλον

590 1618 677 1717 ἦθος

363 1737 448 1802 1072
517 1739 744 1822 συμμίσγων
767 1730 901 1824 ὀργήν,
925 1733 1008 1816 οἶος
1031 1735 1170 1816 ἕκαστος
1194 1734 1274 1821 έφυ.

363 1844 446 1910 1073
466 1852 528 1909 νῦν
547 1844 608 1929 μὲν
627 1836 720 1929 τῷδ’
744 1842 882 1926 ἐφέπου,
905 1844 982 1910 τοτὲ
1002 1838 1031 1910 d'
1055 1837 1190 1923 ἀλλοῖος
1207 1846 1328 1913 πέλευ
1348 1839 1417 1933 ὀρ-

588 1947 673 2037 γήν·
697 1951 743 2032 (Α
766 1943 842 2016 rod'
864 1973 922 2035 pro
945 1943 1041 2036 codd)

364 2059 447 2123 1074
515 2054 701 2143 κρεῖσσόν
724 2081 777 2122 τοι
801 2060 902 2144 σοφίη
924 2060 990 2124 καί
1011 2055 1178 2144 μεγάλης
1196 2049 1344 2145 ἀρετῆς,
1371 2063 1418 2148 (O

270 2167 450 2251 κρείσσων)

270 2325 439 2391 admodum
472 2326 584 2390 variati
615 2326 773 2409 leguntur.
828 2324 938 2390 Priore
971 2326 1055 2390 enim
1087 2325 1155 2390 looo
1187 2326 1306 2409 elegiae
1338 2349 1418 2410 pars

270 2431 476 2518 (κιο-κιο)
495 2432 639 2509 issicio,
662 2431 844 2498 certissimis
863 2432 1051 2498 testimoniis
1061 2433 1087 2518 1)
1111 2431 1287 2516 Theognidi
1310 2433 1417 2500 virui·
1507 2415 1508 2422 ‘

271 2537 383 2614 cardo,
419 2539 541 2604 auctior
573 2546 629 2604 cst,
683 2539 774 2617 Quod
805 2539 962 2604 distichon
994 2561 1065 2606 curn
1095 2541 1128 2604 in
1159 2540 1261 2604 ultera
1292 2541 1418 2626 sylloge

270 2646 478 2722 omitteretur,
501 2645 726 2712 consectarium
750 2644 821 2723 fuit,
843 2651 879 2710 ut
902 2667 939 2712 ca
962 2667 1042 2729 quae
1064 2645 1106 2711 ud
1129 2653 1230 2710 ortem
1248 2667 1418 2730 moresque

130 2811 133 2818 .
270 2751 376 2836 polypi
407 2752 617 2835 pertinerent,
649 2759 856 2818 mutarentur.
910 2752 1018 2838 Neque
1051 2753 1133 2817 enim
1162 2752 1304 2818 ooiisulto
1332 2753 1416 2818 illud

270 2858 428 2924 distichon
447 2858 509 2944 (rr.
529 2859 601 2924 215.
622 2859 701 2944 216)
720 2858 848 2944 abipso
867 2860 1006 2944 syllogae
1025 2859 1155 2925 alterius
1174 2865 1302 2926 auctore
1320 2879 1416 2944 prae-

269 2966 450 3032 termissum
472 2986 539 3032 esse
562 2969 672 3050 negari
694 2971 807 3050 potest.
854 2965 944 3046 Quod
968 2967 994 3032 si
1017 2971 1102 3032 recte
1125 2966 1305 3042 statuimus,
1328 2964 1416 3032 iudi-

270 3072 353 3136 cium
393 3072 432 3137 de
473 3093 619 3138 versuum
660 3073 871 3156 discrepantia
911 3073 1014 3139 iacere
1051 3093 1315 3157 supervacaneum
1353 3081 1415 3140 est.

269 3176 351 3242 Illud
385 3177 562 3244 addiderim
593 3179 626 3244 in
658 3179 789 3244 alterius
821 3179 959 3264 syllogus
991 3201 1082 3245 versu
1116 3179 1201 3246 1074
1227 3178 1325 3245 verba
1354 3183 1416 3246 καὶ

268 3278 408 3370 μεγάλης
435 3276 553 3372 ἀρετῆς
580 3285 751 3370 vulgariter
778 3291 810 3350 ct
836 3285 902 3351 fere
930 3288 1049 3369 inepte,
1076 3291 1186 3350 contra
1213 3307 1354 3370 eaquae
1380 3287 1415 3352 in

270 3389 382 3474 prioris
409 3391 547 3476 syllogaa
575 3413 666 3457 versu
689 3393 753 3457 218
782 3413 839 3475 pro
868 3394 913 3458 eis
940 3393 1073 3478 legimus
1099 3393 1226 3476 γίνεται
1250 3386 1415 3479 ἀτροπίης

270 3497 348 3563 bene
371 3497 457 3563 dicta
479 3520 546 3564 osse
569 3505 601 3563 et
624 3498 787 3581 exquisite.

358 3602 436 3669 Cum
458 3606 491 3670 in
513 3606 573 3670 hoc
595 3606 723 3688 quidem
746 3605 1354 3692 1000(vv.213-218‚1071-1074)
1380 3617 1414 3672 ct

269 3713 302 3775 in
326 3711 483 3776 nonnullis
506 3711 577 3777 aliis
600 3713 651 3777 vix
674 3712 805 3776 dubium
833 3713 875 3778 sit
897 3713 972 3794 quin
997 3715 1029 3776 in
1049 3713 1153 3796 priore
1173 3711 1291 3796 sylloge
1309 3715 1414 3797 magis
1502 3697 1503 3741 3

268 3819 406 3902 genuina
432 3817 534 3883 forma
560 3823 724 3884 contextus
751 3818 945 3903 Theognidei
978 3825 1101 3884 servata
1132 3819 1187 3896 sit,
1218 3825 1324 3884 tamen
1353 3821 1412 3885 de-

268 3930 458 3990 monstrasse
485 3925 575 3991 nobis
598 3926 741 3990 videmur
767 3927 887 3991 maiore
915 3929 1065 4009 exparte
1094 3927 1126 3990 in
1148 3926 1322 4009 posteriore
1344 3927 1412 4010 syl·
1501 3937 1502 3944 ’

268 4031 341 4115 loga
366 4028 490 4096 fidelius
518 4032 751 4116 Theognideam
779 4033 950 4098 carminum
978 4033 1111 4098 formam
1142 4032 1322 4110 retinuisse,
1355 4036 1412 4117 qui

269 4158 338 4203 eain
360 4139 570 4204 adornaverit.

326 4267 402 4272 .--.-
424 4265 480 4272 -—.-..

360 4336 378 4400 ¹)
397 4331 447 4389 cfr.
462 4333 611 4403 Bergkinm
626 4334 662 4389 ud
678 4351 702 4389 v.
717 4335 783 4402 2153
802 4333 857 4389 vid.
872 4339 1027 4403 praeterea,
1047 4350 1117 4404 quae
1135 4335 1171 4390 ad
1186 4333 1337 4389 Zenobium
1356 4337 1411 4402 (ed.

269 4423 389 4478 Loutsch
408 4430 437 4478 et
455 4421 655 4489 Schneidewin)
674 4425 687 4477 1
705 4425 740 4479 24
758 4423 890 4479 adnotata
908 4430 979 4478 sunt.
