3034 4896
590 337 803 400 „61-

125 542 210 589 esse.
251 522 354 601 Quam
378 524 570 590 senteutiam
592 523 771 589 absolutam
796 523 959 608 excipiunt
980 523 1013 589 in
1035 523 1197 590 codicibus
1215 524 1262 589 illi

126 645 251 709 versus,
278 645 358 709 quos
380 626 505 711 spurios
528 645 600 694 esse
623 626 787 693 contendi:

178 730 204 810 1,
232 733 295 794 670
317 751 391 794 nom
413 731 625 816 quodmcmqoe
646 730 710 794 mis
731 737 885 796 mutatmn
898 729 1023 816 fluibus
1045 731 1118 813 ecit,

313 833 457 898 continuo
479 833 537 898 doc
559 856 643 898 moro
665 833 820 898 astillian
842 835 926 918 quod
935 833 1010 920 fuit
1032 842 1116 899 onte.

306 938 443 1021 proinde
465 939 579 1022 aliquit
600 961 749 1022 superare
771 960 891 1003 necesse
913 947 960 1004 est
982 938 1135 1004 incolume
1158 941 1229 1004 otto

312 1063 350 1105 ne
373 1041 432 1105 titi
450 1063 501 1106 ree
523 1042 654 1105 redeant
675 1043 719 1104 ad
737 1041 836 1106 ndum
848 1041 1004 1128 funditus
1026 1065 1130 1108 omnes

313 1144 351 1207 de
372 1143 498 1230 nidoque
519 1154 632 1208 renato
654 1145 793 1229 oiqeecat
811 1144 903 1228 copia
924 1167 1041 1208 reram.

423 1267 495 1328 676.
527 1268 539 1327 i
565 1293 608 1317 =
631 1267 704 1327 792.
730 1268 760 1329 3.

422 1370 485 1430 672
515 1367 572 1433 cir.
606 1370 678 1432 796.

422 1474 483 1536 673
521 1500 564 1525 =
602 1474 662 1534 797

423 1577 485 1639 674
523 1605 564 1629 =
603 1577 664 1639 757
693 1575 839 1659 (vipescat
861 1595 920 1660 pro
944 1576 1120 1660 adposcere).

216 1695 321 1777 Atque
343 1694 394 1776 id,
428 1694 512 1777 quod
542 1695 575 1760 iu
598 1695 744 1761 versibus
775 1699 849 1760 670.
879 1701 891 1758 1
926 1695 1159 1781 pronuntiatur,
1192 1717 1262 1762 oum

127 1805 280 1878 mutetur,
305 1817 373 1864 rem
397 1797 523 1878 confici,
550 1797 601 1864 hio
624 1797 735 1865 inutile
758 1806 819 1865 est.
866 1799 978 1882 Neque
1001 1799 1086 1866 euim
1110 1799 1265 1866 affirmari

128 1920 211 1984 opus
234 1907 299 1978 est,
325 1921 401 1982 uua,
426 1921 498 1966 oum
529 1909 678 1980 mutetur,
704 1902 812 1985 ignem
835 1903 958 1987 perire,
991 1902 1141 1984 quoniam
1170 1908 1265 1986 poeta

129 2001 243 2068 eodem
268 2022 322 2068 ore
345 2002 426 2069 dixit
452 2005 488 2084 (Ι,
515 2007 588 2068 665.
608 2007 637 2086 6)

240 2123 324 2206 quod
344 2124 375 2186 ei
383 2124 478 2209 forte
500 2124 566 2187 aliu
589 2125 719 2187 credunt
740 2124 862 2188 ratione
879 2134 1004 2206 potesse

240 2226 321 2309 iquos
343 2226 375 2288 iu
397 2235 484 2290 coetu
508 2225 669 2311 stinqai
689 2235 869 2311 mutareque
892 2249 1004 2310 corpus
1027 2251 1053 2292 e.
1072 2252 1101 2312 q.
1121 2251 1146 2292 s.

128 2346 252 2411 Versus
281 2365 356 2411 vero
385 2350 525 2410 orn-4
555 2347 810 2430 interpolationis
844 2347 1144 2432 compilationisque
1173 2353 1265 2436 notas

129 2457 248 2532 gerunt
269 2450 310 2514 ab
333 2447 461 2514 homine
483 2449 620 2533 quodam
640 2451 774 2516 molesto
789 2450 965 2535 proiectae,
989 2450 1044 2534 qui
1059 2458 1174 2536 poetae
1189 2469 1265 2516 con-

129 2551 239 2618 silium
262 2571 327 2616 non
349 2551 560 2636 intellegeret.
608 2553 641 2618 Ia
664 2552 747 2619 enim
780 2573 850 2618 oum
881 2553 914 2618 id
938 2559 1031 2637 agat,
1063 2561 1098 2618 ut
1120 2553 1266 2620 Heracli-

129 2663 197 2720 tum
229 2655 361 2737 eiusque
390 2661 565 2722 sectatores
595 2653 638 2720 ad
665 2655 839 2722 absurdum
866 2655 982 2732 ducat,
1014 2655 1153 2722 ostendit
1188 2657 1267 2722 nihil

130 2758 261 2823 omnino
283 2759 411 2840 igneum
436 2778 599 2843 superare
627 2759 654 2823 si
676 2758 761 2842 ignis
785 2766 924 2825 mutatus
946 2779 1055 2826 omues
1071 2779 1123 2826 res
1139 2760 1263 2827 formet.

130 2860 218 2938 Quid
240 2861 338 2945 igitur
360 2861 420 2928 sibi
444 2863 511 2926 uult
533 2860 612 2926 illud

237 2964 373 3046 proinde
394 2964 508 3048 aliquit
530 2986 679 3047 superare
700 2986 821 3028 necesse
843 2973 889 3028 est
910 2964 1062 3028 t'ncolume
1084 2965 1176 3028 ollis?

220 3081 545 3149 Animadvertendum
569 3092 675 3150 autem
706 3092 770 3166 est,
805 3103 932 3151 versum
956 3087 1018 3149 672
1042 3090 1074 3150 et
1095 3085 1129 3149 in
1159 3103 1199 3150 ea
1227 3083 1268 3151 de

130 3207 197 3270 qua
226 3185 364 3252 diximus
393 3186 637 3271 interpolatione
667 3207 795 3254 versum
825 3191 885 3252 755
913 3187 1046 3254 alterius
1076 3187 1149 3254 libri
1172 3187 1268 3253 ordiri

131 3310 174 3355 ex
192 3287 338 3372 poinde.
386 3288 467 3354 Cum
489 3296 622 3371 uterque
643 3290 732 3356 locus
755 3290 966 3375 interpolatus
990 3289 1046 3371 sit,
1073 3289 1105 3354 id
1129 3308 1207 3356 casu
1231 3310 1269 3355 ac

131 3394 263 3458 fortuna
283 3391 338 3458 vix
361 3391 480 3458 lactum
503 3399 568 3474 est,
594 3392 651 3458 sed
674 3392 847 3458 verisimile
870 3399 1039 3459 estonum
1069 3392 1269 3477 eundemque

131 3495 294 3561 hominem
310 3501 479 3576 utrumque
498 3495 600 3562 locum
624 3496 847 3580 interpolasse,
873 3495 937 3578 qui,
964 3515 1035 3560 oum
1059 3496 1139 3562 satis
1154 3498 1268 3562 verbo-

131 3617 201 3662 rum
227 3597 322 3683 copia
344 3606 551 3682 premeretur,
577 3598 689 3680 ineis,
716 3617 799 3681 quae
821 3598 893 3683 ipse
919 3598 1121 3680 elaborabat,
1156 3598 1268 3665 eadem

131 3699 292 3786 particula
314 3697 464 3766 uteretur.
490 3737 534 3746 -

220 3821 334 3884 Restat
355 3819 466 3884 tertius
488 3820 587 3900 locus,
615 3820 669 3884 ubi
692 3839 805 3886 versus

290 3943 365 3986 nom
387 3923 597 4007 quodcumque
620 3922 684 3985 uuio
707 3931 859 3988 mutatum
869 3921 994 4005 finibus
1017 3923 1092 4000 exit,

290 4025 434 4088 continuo
457 4023 513 4088 hoc
534 4047 618 4088 more
640 4033 686 4088 est
707 4025 794 4088 iltius
816 4025 900 4108 quod
909 4025 985 4111 suit
1007 4033 1079 4088 onte

130 4129 299 4211 leguntur:

576 4229 641 4310 ΙΙΙ,
669 4233 741 4293 619.
770 4232 821 4294 20.
