3006 4892
559 341 773 404 ..73-

99 522 192 601 Quod
215 531 322 590 autem
345 525 462 590 uertius
483 526 740 612 interpolationis
756 527 883 611 signum
899 528 1006 594 afferri
1023 535 1128 613 potest
1142 548 1235 612 quam

99 628 300 712 interpolatis
335 627 441 694 verbis
478 647 626 695 versuum
656 650 813 696 uenenum
842 632 979 710 turbari,
1017 631 1065 698 eis
1101 632 1237 698 seclusis

99 731 206 797 omnia
226 731 309 798 bene
332 751 368 797 se
389 729 531 798 habere?
553 769 589 780 -

373 835 428 910 lv,
454 838 602 901 eto-29
630 839 682 920 (=
704 836 759 916 VI,
785 839 959 919 923-352.

185 937 306 1003 Versus
321 939 377 1018 IV,
397 940 545 1003 uls-29
560 959 623 1004 non
645 939 687 1004 ab
710 939 781 1024 ipso
803 947 900 1024 poeta
917 940 1071 1025 repetitos
1087 959 1160 1007 esse
1177 939 1236 1006 de-

101 1047 357 1106 monstraverunt
378 1039 471 1126 primi
495 1040 669 1107 (loebelius
689 1049 722 1108 et
737 1042 1021 1108 Winelrelmannus
1037 1051 1233 1127 argumento,

100 1162 161 1225 quo
176 1143 294 1209 elanus
310 1144 434 1208 nullum
450 1151 556 1227 potest
577 1144 697 1209 afferri.
736 1144 819 1209 Nam
839 1165 911 1211 oum
933 1144 1081 1211 ostendat
1095 1151 1189 1226 poeta
1204 1145 1237 1210 in

99 1245 246 1312 versibus
266 1249 444 1324 177-215,
462 1265 556 1330 qnam
572 1247 670 1312 celeri
684 1253 771 1313 mutu
787 1247 960 1314 simulacra
982 1248 1136 1326 ferantur,
1160 1248 1237 1331 quid

99 1347 141 1414 ad
163 1349 249 1415 huno
278 1350 381 1416 lounm
405 1350 560 1434 pertinet,
585 1348 683 1417 fluere
705 1349 819 1416 odores
842 1371 863 1416 a
884 1350 981 1416 certia
1002 1351 1108 1429 rebus,
1134 1350 1237 1434 frigus

100 1471 119 1515 a
142 1449 260 1525 fluviis,
285 1471 380 1518 voees
403 1452 536 1519 volitare
558 1471 616 1537 per
637 1471 734 1519 auras
757 1461 788 1519 et
810 1457 937 1519 uetera?
964 1454 1048 1537 qnod
1075 1459 1140 1518 tum
1163 1460 1238 1518 tan-

99 1561 163 1618 tum
195 1553 421 1638 proierondum
451 1563 536 1637 erat,
570 1555 597 1621 si
628 1556 679 1620 oui
709 1556 836 1622 omnino
865 1556 1040 1623 simulaora
1071 1555 1170 1623 liuere
1198 1576 1237 1622 err

100 1658 197 1723 rebus
219 1657 323 1724 miuus
345 1659 587 1742 placabatur
608 1659 739 1725 adsensi
762 1666 835 1727 sunt
856 1659 921 1726 illis
936 1660 1014 1726 viris
1029 1661 1237 1727 Neumannus

104 1763 169 1845 (pg.
202 1765 231 1843 9)
274 1767 307 1828 et
339 1761 550 1828 Susemihlius
585 1762 752 1848 (Philolog.
783 1763 914 1845 XXIX,
956 1767 1019 1830 439
1047 1767 1125 1846 sq),
1157 1783 1236 1847 qno-

100 1883 166 1928 rum
199 1864 252 1930 hio
284 1865 458 1930 Purmanni
493 1866 612 1948 (annal.
652 1866 764 1951 philol.
799 1872 850 1946 67,
883 1887 938 1952 pg.
972 1871 1046 1931 676.
1100 1865 1233 1944 Quaest.

99 1967 227 2034 Cottab.
253 1988 307 2051 pg.
337 1972 374 2034 ¹0
397 1971 459 2052 sq.)
486 1976 519 2034 et
541 1968 633 2034 Pollii
661 1968 828 2053 (Philolog.
855 1969 974 2051 XXVI,
1002 1972 1074 2053 339)
1105 1977 1237 2036 annota-

99 2071 216 2137 tionem
239 2077 272 2136 et
293 2071 503 2137 conservandi
526 2071 715 2156 seripturam
738 2072 881 2142 oodiorm
912 2072 1051 2139 studium
1081 2092 1139 2139 suo
1168 2072 1236 2140 inre

100 2173 232 2258 respuit.
279 2173 375 2239 Miror
396 2181 503 2240 temen
526 2193 638 2240 versus
655 2178 729 2239 216.
748 2178 765 2238 7
790 2175 831 2240 ab
854 2173 976 2241 eisdem
997 2181 1135 2241 retentus
1150 2193 1232 2242 esse.

100 2275 163 2354 Qui
185 2295 289 2360 neque
311 2277 379 2362 apti
395 2284 478 2359 sunt,
506 2277 533 2344 si
549 2297 620 2343 oum
639 2281 806 2342 177-215
823 2277 1070 2362 ooninngnntnr,
1087 2277 1237 2363 qnoniam

99 2379 131 2444 id
154 2378 259 2445 solum
281 2379 454 2458 continent,
480 2401 565 2444 ease
587 2403 721 2464 corpora
744 2403 823 2465 quoe
839 2381 971 2466 feriant
993 2381 1096 2445 oeulos
1119 2381 1234 2446 omum-

101 2506 157 2567 qua
180 2483 346 2562 mearant,
371 2502 442 2548 eum
464 2483 498 2549 iu
521 2486 688 2549 tlt-216
711 2483 774 2548 iam
798 2483 838 2550 de
861 2483 1024 2550 eeleritate
1047 2483 1234 2551 simulacro-

99 2608 167 2652 rum
190 2594 372 2672 peroratum
395 2587 449 2662 sit,
473 2587 802 2671 praeterquamquod
825 2587 858 2653 id
881 2587 1008 2653 omnino
1030 2587 1171 2654 nondum
1187 2596 1236 2656 est

100 2690 236 2773 dietum,
268 2689 450 2775 primordiis
478 2690 582 2757 visum
619 2691 756 2770 moveri,
788 2710 892 2773 neque
930 2690 1012 2756 sorni
1042 2698 1147 2776 potest
1182 2711 1237 2758 eos

99 2794 219 2860 exitum
255 2792 350 2860 nnius
381 2814 422 2860 ex
455 2793 503 2861 eis
538 2813 622 2876 qnae
657 2801 834 2877 sequnntur
863 2794 1062 2878 argumentis
1091 2794 1237 2862 effecisse

105 2898 165 2980 {rel
196 2896 238 2962 ad
268 2896 432 2980 quodlibet
459 2897 548 2962 alind
577 2896 780 2982 pertinuisse,
814 2896 899 2980 qnod
921 2915 961 2962 er
984 2903 1072 2962 textu
1094 2897 1234 2980 abierit),

100 3019 162 3082 quo
185 3007 364 3084 exponatur
386 2999 419 3064 in
442 2999 621 3066 simulacris
637 3019 767 3066 eausam
783 2999 913 3066 videndi
936 2999 1073 3085 positam
1097 3019 1181 3078 esse,
1207 3007 1239 3066 et

101 3123 176 3168 casu
207 3101 316 3185 aliquo
343 3101 375 3166 id
400 3102 483 3168 male
505 3101 734 3186 transpositum
758 3121 842 3168 esse.
889 3102 1002 3184 Neque
1025 3101 1110 3168 enim
1132 3102 1167 3167 iu
1190 3103 1238 3168 eis

100 3204 299 3283 inducetur,
324 3204 505 3271 simulacris
527 3205 631 3271 visum
654 3205 784 3286 moveri,
812 3204 964 3271 sedasse
988 3204 1170 3270 simulacra.
1198 3243 1234 3254 -

516 3309 543 3389 1,
570 3309 632 3372 548
661 3309 712 3388 (-..-.
735 3310 823 3390 609).

185 3411 320 3478 Versum
344 3414 407 3478 609
430 3432 451 3476 a
474 3411 621 3476 Lucretio
644 3409 715 3494 ipso
745 3410 896 3495 seriptum
920 3429 993 3476 esse
1015 3410 1120 3493 quivis
1141 3411 1237 3478 intel-

100 3516 193 3599 leget.
234 3514 325 3593 Quae
347 3515 445 3580 verba
466 3513 613 3596 quamvis
629 3515 694 3579 sint
708 3512 957 3598 simplicissima,
982 3512 1023 3580 de
1037 3513 1085 3580 eis
1100 3515 1238 3580 breviter

101 3616 271 3684 dicendum
294 3625 353 3696 est,
380 3636 452 3682 onnr
474 3617 515 3681 ab
538 3617 774 3701 interpolatore,
801 3615 855 3698 qui
871 3635 911 3681 ea
932 3623 1004 3699 post
1020 3620 1080 3680 547
1098 3617 1234 3701 repetiit,

101 3741 161 3786 non
183 3727 271 3786 reete
293 3727 445 3804 pereepta
466 3719 546 3801 sint,
572 3719 657 3785 unde
687 3738 746 3785 nos
776 3738 848 3784 eum
871 3718 998 3802 quidem
1022 3720 1158 3786 frnotnm
1181 3741 1237 3786 ea-

101 3825 214 3908 pimns,
233 3831 269 3888 nt
284 3829 385 3888 artem
402 3822 490 3888 illius
506 3841 749 3906 cognoscamus.
788 3821 914 3888 Etenim
935 3821 1041 3904 agitur
1055 3841 1118 3904 res,
1137 3831 1172 3888 nt
1187 3824 1237 3887 vi-

100 3926 201 4006 detur,
236 3926 418 4005 levissima,
450 3924 606 4009 quomodo
636 3924 768 3991 verbnm
795 3933 869 3988 aaut
900 3924 1151 4009 intellegendum
1182 3925 1234 3991 sit.

102 4031 243 4114 Apparet
264 4035 372 4094 autern
394 4034 427 4094 et
449 4047 490 4093 ex
511 4027 592 4112 ipsis
608 4027 754 4094 versibus
769 4029 917 4090 our-tu
935 4035 966 4093 et
988 4047 1028 4093 ex
1050 4027 1123 4093 allis
1145 4027 1234 4112 louis,

102 4141 172 4196 serat
193 4139 281 4199 oorta
303 4129 479 4198 exsistendi
502 4131 628 4196 notione
651 4130 790 4215 positum
814 4149 897 4212 esse,
923 4131 970 4196 ita
990 4138 1027 4196 ut
1049 4129 1238 4196 Germaniae

101 4234 288 4302 vertendum
311 4234 372 4300 sit:
398 4253 453 4301 »es
476 4234 565 4320 giebt
586 4235 656 4299 also
677 4233 853 4318 primordia
875 4254 937 4300 von
961 4234 1061 4300 foster
1081 4233 1236 4300 Einfaolr-
