3006 4892
251 376 270 434 o
697 410 740 418 -
789 374 850 456 [ou]
899 409 941 418 -

250 559 406 628 stadiensi
436 581 457 626 a
485 559 645 627 Friderico
673 561 820 627 Honorio
846 560 976 645 Lipsiae
1004 580 1034 625 a.
1062 563 1144 625 1868
1175 561 1312 642 editam,
1347 559 1389 625 ad

249 683 329 747 quas
352 663 462 750 copias
484 663 636 730 lectiones
659 665 816 730 accedunt
838 683 856 729 e
878 663 1134 730 Darmstadiensi
1162 663 1268 732 denno
1294 684 1390 731 accu-

250 767 410 834 ratissime
437 767 553 833 collato
582 787 602 832 a
623 766 827 833 Perdinando
854 766 1000 834 Beudero
1028 767 1061 833 in
1083 768 1167 834 blus.
1192 767 1296 834 Rhen.
1321 768 1385 834 vul.

251 872 359 937 XXIV
381 892 413 955 p.
433 874 525 935 nuiss
543 870 733 956 exscriptae.
773 870 920 953 Denique
945 871 999 954 qni
1022 890 1124 956 nuper
1134 873 1152 954 ¹)
1183 871 1311 952 „studia
1326 872 1391 938 cri-

247 977 313 1043 tica
341 975 374 1040 in
403 974 551 1061 Dionysii
573 973 869 1041 Halieumassensis
898 993 998 1060 opera
1026 974 1202 1041 rhetorica“
1235 975 1340 1042 edidit
1361 976 1388 1040 Ι.

248 1100 310 1144 van
334 1079 391 1146 der
412 1078 498 1144 Vliet
520 1077 627 1144 libello
649 1077 820 1144 lectionum
842 1078 1030 1144 vadetatem
1053 1079 1198 1160 subiecit,
1229 1099 1326 1162 qnam
1350 1099 1391 1144 err

248 1184 405 1268 epitomae
428 1183 535 1265 aliquo
557 1181 732 1266 exemplari
747 1182 879 1247 lsaacns
894 1182 1026 1248 Vossius
1049 1181 1124 1248 olim
1146 1181 1180 1247 in
1196 1183 1392 1250 Bircoriana

246 1286 385 1371 quadam
408 1285 481 1351 libri
503 1286 543 1351 de
565 1305 593 1350 o.
612 1307 642 1351 v.
668 1285 808 1351 editione
830 1304 912 1366 quae
934 1305 1020 1352 nunc
1042 1285 1074 1351 in
1096 1285 1291 1353 bibliotheca
1312 1288 1393 1354 Lei-

247 1389 338 1456 densi
368 1396 552 1455 asservatur
575 1387 746 1472 diligenter
770 1394 965 1454 enotaverat.
1012 1388 1186 1474 Exemplar
1213 1389 1296 1456 illud
1319 1391 1393 1456 blo-

246 1492 375 1558 uacensi
405 1491 542 1560 maxime
571 1489 669 1556 affine
699 1489 776 1570 fuit,
809 1491 867 1556 sed
897 1491 1026 1577 propria
1054 1491 1149 1557 etiam
1178 1501 1306 1578 praeter
1335 1513 1392 1559 oe-

246 1603 329 1660 teros
359 1592 518 1680 epitomae
546 1593 644 1659 libros
677 1593 760 1659 bona
788 1592 902 1670 habet;
942 1592 984 1658 cl.
1009 1612 1036 1659 e.
1062 1614 1093 1678 g.
1119 1615 1153 1680 p.
1172 1598 1241 1660 7510
1271 1595 1389 1661 Reisk.
1502 1632 1503 1649 ι

246 1728 289 1752 =
303 1695 369 1763 iud.
388 1696 488 1764 schol.
508 1696 609 1761 Banu.
634 1716 667 1781 p.
682 1695 775 1760 XVII
794 1715 879 1762 vers.
898 1699 939 1760 29
963 1693 1022 1762 τὸν
1038 1702 1098 1762 τοῦ
1113 1694 1310 1780 πνεύματος
1328 1693 1391 1765 οὐκ

246 1795 437 1866 ἀποκόπτει
460 1795 569 1882 τόνον]
596 1818 665 1864 var.
683 1799 778 1864 lech:
805 1792 864 1864 οὐκ
881 1791 1072 1864 ἀποκόπτει
1087 1796 1187 1866 τόνον
1209 1800 1393 1867 scholiasta

244 1902 466 1987 Hermogenis,
486 1901 720 1967 Laurentianus
732 1901 866 1982 LIX15‚
888 1902 995 1968 Vossii
1010 1902 1111 1968 codex
1126 1903 1303 1987 epitomae;
1327 1899 1391 1970 οὐκ

245 2001 437 2072 ἀποκόπτει
459 2002 584 2090 χρόνον
610 2001 779 2090 [φθόγγον
800 2026 864 2090 mg.
887 2005 958 2071 cod.
984 2005 1181 2088 Darmstad.l
1215 2007 1388 2092 Epiluma:

245 2104 285 2175 οά
303 2106 510 2174 κατακόπτει
533 2105 592 2174 τὸν
614 2105 715 2174 τόνον
736 2108 903 2174 Parisinus
924 2129 956 2172 n.
975 2112 1067 2190 1741,
1095 2108 1387 2196 Guelferbytanus,
1502 2130 1503 2143 ¹

243 2215 385 2279 Venetus
407 2212 591 2278 Marcianus
607 2215 680 2292 508,
706 2213 839 2296 volgata
862 2213 900 2276 R.
920 2211 1086 2296 Stephani.

329 2317 380 2381 Ad
414 2322 514 2382 artem
548 2315 736 2381 rhetoricam
771 2315 1004 2381 emendandam
1038 2315 1188 2382 librorum
1223 2317 1387 2399 subsidia,

243 2419 328 2503 quod
350 2419 461 2499 sciam,
495 2426 622 2502 praesto
648 2439 712 2484 non
734 2426 809 2484 sunt
831 2418 974 2503 exceptis
997 2420 1044 2485 eis
1068 2419 1267 2500 lectionibus,
1301 2441 1391 2504 quas

242 2523 274 2588 in
303 2521 522 2608 Sylburgiana
549 2521 687 2604 quadam
717 2521 849 2606 Lipsiae
875 2522 910 2587 in
940 2522 1133 2589 bibliotheca
1166 2531 1338 2590 asservata
1371 2547 1390 2592 e

241 2624 388 2708 Dudithii
405 2625 581 2710 exemplari
591 2627 612 2708 ²)
646 2646 666 2691 a
688 2624 796 2690 nescio
818 2645 881 2707 quo
897 2632 1043 2691 enotatas
1067 2625 1107 2692 G.
1127 2627 1166 2692 li.
1187 2625 1390 2696 Schaeferns

239 2728 274 2794 in
302 2728 515 2794 meletematis
549 2726 591 2793 ad
622 2713 771 2811 quattuor
804 2728 911 2813 priora
943 2728 1022 2794 artis
1056 2728 1163 2814 capita
1196 2730 1387 2815 exscripsit.

241 2833 326 2899 Nota
355 2840 462 2900 autem
492 2829 611 2896 codicis
640 2830 830 2896 Dudithiani
858 2837 907 2896 est
926 2830 965 2911 V,
1002 2851 1065 2914 quo
1087 2832 1234 2898 Veterem
1264 2833 1388 2900 librum

240 2933 414 3018 significari
436 2933 629 2999 Schaeferus
651 2933 825 3019 perspexit.
873 2933 1039 3013 Collatioil
1072 2935 1211 3018 pertinet
1233 2933 1277 3000 ad
1299 2939 1388 3004 artis

241 3039 347 3124 capita
363 3037 493 3118 l—IX,
520 3036 563 3101 ad
584 3035 780 3120 prooemium
804 3036 877 3101 libri
900 3035 941 3102 de
960 3037 1100 3119 antiquis
1119 3037 1309 3118 oratoribus,
1339 3040 1389 3106 ita

240 3148 357 3221 tamen,
389 3147 424 3204 nt
447 3161 467 3204 a
488 3139 594 3204 verbis
618 3138 746 3204 demum
772 3133 789 3224 ἢ
811 3135 988 3224 βάρβαρον
1009 3160 1043 3224 p.
1062 3143 1138 3204 4474
1159 3139 1271 3204 Reislr.
1298 3141 1387 3210 iuci-

238 3243 318 3329 piat,
351 3242 394 3308 ad
423 3242 575 3308 indicium
606 3241 645 3308 de
674 3242 783 3322 Isaeo,
818 3242 908 3306 cuius
936 3242 1048 3308 titulus
1071 3243 1105 3306 in
1126 3243 1155 3308 V
1178 3249 1228 3308 est
1253 3236 1387 3322 Ἰσαῖος

238 3345 432 3434 Ἀθηναῖος,
461 3344 598 3427 denique
622 3344 664 3410 ad
686 3344 838 3410 iudicium
861 3343 902 3410 de
921 3345 1093 3426 Dinarebo,
1121 3346 1172 3410 oui
1195 3346 1388 3414 inscribitur
1498 3419 1499 3450 1

238 3450 326 3536 Περὶ
347 3445 549 3532 Δεινάρχου.
601 3448 683 3512 Eum
715 3447 832 3512 librum
862 3448 902 3513 Η.
929 3447 1092 3534 Sauppius
1124 3448 1158 3513 in
1187 3449 1385 3532 fragmentis

236 3554 323 3620 Isaei
346 3560 378 3618 et
392 3551 546 3617 Dinarchi
568 3550 778 3618 emendandis
801 3552 922 3636 passim
941 3551 1098 3617 adhibuit.
1135 3553 1310 3619 Praeterea
1325 3575 1386 3622 co-

237 3655 317 3722 dicis
339 3655 491 3722 lectiones
515 3655 662 3740 epistulis
685 3654 726 3720 ad
742 3655 930 3720 Ammaeum
953 3655 969 3719 I
991 3662 1023 3720 et
1046 3654 1089 3720 ad
1111 3655 1170 3721 On.
1188 3656 1384 3740 Pompeium

237 3758 421 3844 adscriptae
443 3765 528 3840 sunt,
553 3776 687 3840 quarum
710 3777 792 3840 quae
808 3757 849 3822 sd
865 3756 1047 3823 Aristotelis
1066 3757 1246 3840 fragmenta
1268 3759 1384 3842 priore

307 3949 324 4012 ¹)
345 3946 660 4017 Lugduni-Batavorum
680 3944 928 4000 MDCGCLXXIV
971 3945 981 4015 ΙΙ
1024 3946 1042 4006 ²1
1063 3943 1105 4000 Cf.
1121 3945 1250 4015 Sylbnrg.
1274 3948 1335 4002 vol.
1352 3949 1383 4002 11

235 4033 323 4102 prael.
350 4034 386 4089 ad
405 4030 570 4087 Dudithium
595 4030 643 4086 fol.
660 4034 702 4094 1v3
732 4031 885 4086 Usenarum
908 4032 937 4085 in
960 4047 1023 4086 ann.
1045 4030 1141 4100 pbilol.
1165 4033 1229 4084 187³
1248 4046 1275 4100 p.
1293 4035 1341 4084 151
1373 4039 1384 4102 Η

234 4121 254 4184 ³)
275 4121 388 4176 Veteris
408 4119 578 4174 lectionesa
596 4116 752 4172 Reiskiaua
770 4119 875 4186 sumpsi
897 4131 967 4187 quac
985 4117 1050 4171 olirn
1069 4116 1103 4172 G.
1113 4118 1289 4172 Wilrnannsii
1308 4116 1381 4182 suit,

234 4208 313 4264 cuius
333 4208 360 4262 in
379 4206 504 4274 margine
522 4206 567 4259 vir
584 4205 685 4258 doctus
702 4205 798 4260 nescio
820 4205 882 4275 quis
900 4204 1006 4259 codicis
1028 4202 1162 4259 lectiones
1181 4204 1383 4272 discrepantes

234 4299 365 4348 accurate
383 4291 518 4348 enotavit.
