3034 4896
744 315 956 378 ..rg-

369 501 434 569 Scd
457 509 530 588 post
552 501 793 569 Lacbmauuum
815 502 845 569 ei
868 501 953 570 docti
968 501 1125 576 homines,
1151 498 1207 582 qui
1229 499 1263 565 in
1279 498 1421 564 Lucretii

282 606 476 672 carminibus
491 605 702 673 emendandis
717 625 847 692 operam
862 606 1033 691 ponebant,
1057 624 1156 688 quam
1171 603 1310 669 maxime
1325 601 1422 668 veriti

282 715 357 775 sunt
378 709 642 794 interpolationes
672 709 712 776 de
740 708 899 775 industrie
927 708 1031 774 iactas
1060 714 1213 774 statuere.
1261 705 1303 771 lit
1334 711 1422 771 reete

281 812 411 896 quidem
433 813 468 878 in
490 813 550 880 hoc
572 833 669 898 opere
692 813 880 898 imperfecto
902 833 924 879 a
946 819 1044 898 poeta
1064 811 1177 878 relicto
1199 829 1318 894 magna
1339 829 1419 874 cau-

281 915 367 982 tione
382 915 544 1000 agendum
559 935 632 984 essa
647 915 795 982 arbitrati
810 923 895 982 eunt.
934 917 1086 982 Attamen
1100 913 1244 999 potuisse
1263 912 1421 979 facillime

280 1019 545 1105 interpolationes
566 1019 600 1086 in
621 1020 679 1086 illa
702 1019 845 1086 carmina
867 1017 986 1086 deierri
1016 1039 1080 1085 non
1109 1017 1215 1084 minus
1238 1015 1421 1084 coneeden-

280 1121 355 1187 dum
377 1129 438 1188 est.
486 1121 572 1189 Sane
594 1123 628 1188 in
648 1123 738 1189 nullo
761 1123 825 1189 alio
846 1122 1023 1189 litterarum
1045 1139 1164 1206 genere
1187 1119 1421 1205 explicationes

281 1227 334 1291 vel
367 1225 634 1311 amplificationes
667 1225 809 1293 addendi
841 1226 967 1292 occasio
1000 1224 1105 1310 magis
1133 1225 1228 1291 datar
1257 1243 1354 1306 quam
1382 1223 1421 1288 in

280 1329 420 1396 carmine
443 1328 619 1396 didactioo:
645 1328 800 1414 intellego
818 1337 947 1415 praeter
970 1335 1079 1396 cetera
1100 1329 1160 1395 illa
1180 1327 1417 1406 additamenta,

279 1432 394 1515 quibus
416 1441 638 1517 argumentum
660 1435 750 1519 prius
773 1435 907 1499 allatum
928 1431 1093 1518 repetitur,
1120 1451 1191 1498 eum
1213 1439 1308 1516 poeta
1327 1429 1419 1497 idem

279 1553 428 1602 revocare
451 1555 724 1622 supervacaneum
747 1536 885 1603 duxerit.

365 1638 554 1707 iterationes
576 1660 652 1707 vero
675 1641 772 1707 etiam
794 1641 829 1706 in
855 1639 930 1706 aliis
960 1639 1170 1726 scriptoribus
1199 1638 1419 1723 interpolandi

279 1762 379 1809 eausa
400 1743 508 1811 factae
531 1751 616 1811 sunt.
663 1745 706 1811 Ut
734 1744 768 1808 in
790 1743 925 1827 Vergilii
949 1743 1092 1810 Aeneide
1121 1743 1215 1808 tertia
1245 1741 1313 1809 fere
1340 1762 1418 1826 pars

277 1846 482 1912 iterationem
497 1847 608 1933 spuria
623 1855 674 1914 est
693 1847 833 1932 (collegit
854 1865 911 1912 eas
926 1845 1082 1930 Forbiger
1103 1846 1147 1912 ad
1161 1847 1272 1930 Eclog.
1290 1850 1319 1928 5,
1339 1848 1414 1926 37);

278 1959 374 2034 atque
398 1957 574 2018 ceterarum
597 1969 725 2035 quoque
747 1950 859 2017 dubito
880 1971 925 2016 an
946 1949 1026 2016 haec
1047 1950 1101 2017 vel
1122 1948 1181 2015 illa
1202 1949 1343 2015 insiticia
1357 1949 1413 2015 sit.

363 2053 511 2137 Denique
533 2059 663 2138 propter
693 2073 750 2120 aas
779 2052 995 2138 suspiciones,
1021 2052 1138 2136 quibus
1169 2051 1228 2118 viri
1256 2051 1344 2119 docti
1372 2052 1415 2118 ad

277 2156 358 2223 tales
388 2157 591 2239 quaestiones
619 2156 711 2223 adire
733 2158 855 2239 solent,
887 2155 1037 2224 attendas
1058 2156 1139 2223 duos
1162 2163 1290 2222 exstare
1312 2157 1411 2238 locos,

277 2259 392 2342 quibus
415 2267 503 2326 certa
531 2259 788 2344 interpolationis
809 2259 948 2345 vestigia
976 2265 1167 2344 appareant.
1212 2259 1415 2325 insecundo

276 2362 361 2428 enim
390 2361 471 2428 libro
493 2362 639 2430 versibus
662 2365 824 2427 tlt—56
853 2361 1055 2448 interpolatis
1084 2362 1239 2429 nonnulla
1268 2383 1289 2428 a
1317 2369 1414 2446 poeta
1498 2401 1499 2408 ,

276 2465 399 2550 scripta
421 2465 558 2552 depulsa
579 2472 667 2548 sunt,
699 2467 745 2533 ita
767 2472 801 2532 ut
822 2485 919 2533 versu
943 2468 1004 2531 748
1028 2465 1227 2533 enuntiatum
1249 2466 1412 2532 conduca-

276 2575 335 2646 tur,
362 2567 454 2635 cuins
476 2568 581 2635 exitus
602 2569 697 2636 desit.
736 2569 821 2635 Nam
842 2569 928 2652 quod
950 2569 1115 2636 Bentleius
1140 2569 1321 2636 coniecerat
1341 2588 1413 2634 ser-

276 2690 346 2737 sum
369 2674 432 2736 743
448 2679 520 2757 post
536 2674 597 2737 748
621 2672 893 2758 transponendum
916 2691 999 2752 esse,
1026 2671 1173 2756 quamvis
1188 2671 1412 2738 Lachmannus

275 2794 349 2840 eum
365 2781 494 2840 secutus
513 2776 565 2856 sit,
585 2782 693 2841 tamen
709 2775 786 2842 ferri
801 2795 865 2842 non
879 2795 975 2860 posse
991 2774 1229 2841 demonstrabo.
1267 2775 1307 2840 In
1321 2783 1411 2840 scuto

276 2885 382 2944 autem
405 2876 504 2961 libro,
531 2877 584 2944 ubi
606 2879 732 2943 aaa-5
756 2878 939 2963 interpolati
963 2884 1047 2956 sunt,
1073 2885 1174 2945 restat
1196 2896 1279 2943 unus
1302 2898 1342 2943 ex
1363 2877 1410 2942 eis

274 2980 420 3046 versibus
443 3002 465 3046 a
486 2987 581 3066 poeta
603 2981 797 3066 compositis,
823 2981 879 3066 qui
901 2981 1148 3066 interpolatione
1175 2979 1302 3065 expulsi
1325 2986 1406 3046 sunt.

274 3083 388 3150 Dicam
410 3082 450 3150 dc
473 3084 520 3149 eis
543 3084 622 3150 loeis
645 3104 701 3170 pg.
726 3087 768 3149 59
791 3103 839 3167 sq.
862 3090 898 3151 et
919 3105 975 3169 pg.
1004 3085 1055 3150 78.

361 3185 427 3252 Sed
448 3206 490 3252 ne
511 3185 633 3252 diutius
658 3186 692 3252 in
722 3186 899 3272 praefando
927 3206 1096 3262 moremur,
1128 3185 1281 3270 incipiam
1309 3185 1408 3252 abeo

273 3290 359 3370 loco,
386 3288 497 3372 quiin
520 3289 632 3373 primis
656 3289 873 3356 memorabilis
903 3295 969 3370 est,
1001 3288 1088 3372 quod
1115 3295 1147 3356 et
1173 3287 1406 3373 interpolatoris

275 3398 307 3458 et
329 3391 459 3459 lectoris
482 3391 667 3477 philosophi
689 3412 818 3478 operam
845 3392 890 3459 ibi
913 3411 1089 3476 agnoscere
1111 3391 1197 3474 lieet,
1223 3399 1258 3457 ut
1280 3390 1405 3457 dubium
1495 3389 1496 3418 ¹

273 3515 345 3562 esse
368 3502 515 3579 nequeat,
542 3496 618 3580 quin
633 3495 758 3562 duobus
774 3494 971 3580 temporibus
987 3501 1056 3560 orta
1070 3494 1291 3561 addimmenta
1304 3494 1336 3559 in
1350 3513 1406 3558 eo-

272 3597 398 3664 dicibus
414 3599 530 3665 uostris
546 3606 682 3681 exstent,
701 3598 805 3665 altera
820 3596 949 3681 quidem
965 3597 1181 3682 interpolaudi
1197 3617 1295 3664 causa
1309 3596 1400 3674 iacta,

275 3702 377 3767 altera
400 3722 464 3767 non
484 3721 589 3785 aeque
610 3700 734 3769 infelici
756 3701 889 3768 oonsilio
912 3700 1051 3785 margini
1073 3700 1249 3787 adscripta.

692 3805 734 3885 11,
763 3807 986 3871 rora-roan.

717 3911 799 3972 1020
822 3933 864 3964 =
887 3911 961 3972 726.

567 4015 647 4077 1015
676 4013 780 4095 (1016)
808 4042 850 4068 =
871 4011 898 4094 I,
925 4013 987 4078 820
1016 4013 1115 4096 (821).

597 4115 777 4200 aspm‘ficant
798 4135 857 4200 pro
879 4114 1081 4180 conatuum.

688 4222 765 4282 1021
792 4247 834 4274 =
857 4219 883 4296 1,
909 4220 983 4283 685.
