<?xml version="1.0" encoding="UTF-8"?>
<!DOCTYPE html PUBLIC "-//W3C//DTD XHTML 1.0 Transitional//EN"
    "http://www.w3.org/TR/xhtml1/DTD/xhtml1-transitional.dtd">
<html xmlns="http://www.w3.org/1999/xhtml" xml:lang="en" lang="en">
 <head>
  <title>
</title>
<meta http-equiv="Content-Type" content="text/html;charset=utf-8" />
  <meta name='ocr-system' content='tesseract 3.04.00' />
  <meta name='ocr-capabilities' content='ocr_page ocr_carea ocr_par ocr_line ocrx_word'/>
</head>
<body>
  <div class='ocr_page' id='page_1' title='image "./dissertationesp02unkngoog/dissertationesp02unkngoog_0182.png"; bbox 0 0 3010 4896; ppageno 0'>
   <div class='ocr_carea' id='block_1_1' title="bbox 509 223 1217 394">
    <p class='ocr_par' dir='ltr' id='par_1_1' title="bbox 509 223 1217 394">
     <span class='ocr_line' id='line_1_1' title="bbox 509 223 1217 394; baseline -0.001 -20"><span class='ocrx_word' id='word_1_1' title='bbox 509 347 549 356; x_wconf 93' lang='lat'><em>-</em></span> <span class='ocrx_word' id='word_1_2' title='bbox 597 223 692 394; x_wconf 75' lang='lat' dir='ltr'>[rra]</span> <span class='ocrx_word' id='word_1_3' title='bbox 741 347 782 358; x_wconf 89' lang='lat'><em>-</em></span> <span class='ocrx_word' id='word_1_4' title='bbox 1175 305 1217 373; x_wconf 80' lang='lat' dir='ltr'>aa</span> 
     </span>
    </p>
   </div>
   <div class='ocr_carea' id='block_1_2' title="bbox 85 503 1218 1538">
    <p class='ocr_par' dir='ltr' id='par_1_2' title="bbox 85 503 1218 1538">
     <span class='ocr_line' id='line_1_2' title="bbox 163 503 934 590; baseline -0.003 -20"><span class='ocrx_word' id='word_1_5' title='bbox 163 505 200 570; x_wconf 92' lang='lat' dir='ltr'>ln</span> <span class='ocrx_word' id='word_1_6' title='bbox 222 528 250 570; x_wconf 87' lang='lat' dir='ltr'>v.</span> <span class='ocrx_word' id='word_1_7' title='bbox 274 503 340 570; x_wconf 78' lang='lat'>542</span> <span class='ocrx_word' id='word_1_8' title='bbox 363 504 476 572; x_wconf 87' lang='lat' dir='ltr'>Suidas</span> <span class='ocrx_word' id='word_1_9' title='bbox 499 505 627 590; x_wconf 73' lang='lat' dir='ltr'><strong>scripsit</strong></span> <span class='ocrx_word' id='word_1_10' title='bbox 648 504 758 570; x_wconf 87' lang='lat' dir='ltr'>inuitis</span> <span class='ocrx_word' id='word_1_11' title='bbox 782 503 934 570; x_wconf 85' lang='lat' dir='ltr'>numeris:</span> 
     </span>
     <span class='ocr_line' id='line_1_3' title="bbox 123 622 1174 718; baseline -0.002 -22"><span class='ocrx_word' id='word_1_12' title='bbox 123 624 236 718; x_wconf 83' lang='grc' dir='ltr'><strong><em>ίρετὴν</em></strong></span> <span class='ocrx_word' id='word_1_13' title='bbox 256 622 326 718; x_wconf 85' lang='grc' dir='ltr'>χρὴ</span> <span class='ocrx_word' id='word_1_14' title='bbox 348 637 469 718; x_wconf 83' lang='grc' dir='ltr'><strong><em>πρῶτα</em></strong></span> <span class='ocrx_word' id='word_1_15' title='bbox 491 628 664 716; x_wconf 73' lang='grc' dir='ltr'><strong><em>γενέσθαι,</em></strong></span> <span class='ocrx_word' id='word_1_16' title='bbox 687 631 768 716; x_wconf 86' lang='grc' dir='ltr'><strong><em>πρὶν</em></strong></span> <span class='ocrx_word' id='word_1_17' title='bbox 791 628 965 716; x_wconf 80' lang='grc' dir='ltr'><strong><em>πηδαλίοις</em></strong></span> <span class='ocrx_word' id='word_1_18' title='bbox 988 625 1174 714; x_wconf 80' lang='grc' dir='ltr'><strong><em>ἐπιχειρεῖν,</em></strong></span> 
     </span>
     <span class='ocr_line' id='line_1_4' title="bbox 85 747 1217 844; baseline -0.004 -22"><span class='ocrx_word' id='word_1_19' title='bbox 85 778 136 840; x_wconf 90' lang='lat' dir='ltr'>pro</span> <span class='ocrx_word' id='word_1_20' title='bbox 156 747 272 843; x_wconf 84' lang='grc' dir='ltr'><strong><em>ίρετὴν</em></strong></span> <span class='ocrx_word' id='word_1_21' title='bbox 294 763 434 844; x_wconf 85' lang='grc' dir='ltr'><strong><em>χρῆναι</em></strong></span> <span class='ocrx_word' id='word_1_22' title='bbox 457 760 539 836; x_wconf 85' lang='grc' dir='ltr'><strong><em>κτλ,</em></strong></span> <span class='ocrx_word' id='word_1_23' title='bbox 562 757 719 833; x_wconf 89' lang='lat' dir='ltr'>nimirum,</span> <span class='ocrx_word' id='word_1_24' title='bbox 735 776 814 820; x_wconf 59' lang='lat' dir='ltr'>vcum</span> <span class='ocrx_word' id='word_1_25' title='bbox 833 775 961 820; x_wconf 90' lang='lat' dir='ltr'>uersum</span> <span class='ocrx_word' id='word_1_26' title='bbox 978 753 1217 839; x_wconf 69' lang='lat' dir='ltr'>praecedentem</span> 
     </span>
     <span class='ocr_line' id='line_1_5' title="bbox 86 861 861 947; baseline -0.001 -19"><span class='ocrx_word' id='word_1_27' title='bbox 86 864 244 938; x_wconf 89' lang='lat' dir='ltr'>omitteret,</span> <span class='ocrx_word' id='word_1_28' title='bbox 266 871 303 929; x_wconf 90' lang='lat' dir='ltr'>ut</span> <span class='ocrx_word' id='word_1_29' title='bbox 324 865 480 947; x_wconf 87' lang='lat' dir='ltr'>integram</span> <span class='ocrx_word' id='word_1_30' title='bbox 503 861 643 929; x_wconf 88' lang='lat' dir='ltr'>efficeret</span> <span class='ocrx_word' id='word_1_31' title='bbox 665 864 861 929; x_wconf 87' lang='lat' dir='ltr'>sententiam.</span> 
     </span>
     <span class='ocr_line' id='line_1_6' title="bbox 142 969 1218 1055; baseline -0.002 -19"><span class='ocrx_word' id='word_1_32' title='bbox 142 969 179 1036; x_wconf 93' lang='lat' dir='ltr'>In</span> <span class='ocrx_word' id='word_1_33' title='bbox 192 992 218 1035; x_wconf 85' lang='lat' dir='ltr'>r.</span> <span class='ocrx_word' id='word_1_34' title='bbox 234 971 299 1036; x_wconf 85' lang='grc'>844</span> <span class='ocrx_word' id='word_1_35' title='bbox 314 971 447 1037; x_wconf 87' lang='lat' dir='ltr'>inuertit</span> <span class='ocrx_word' id='word_1_36' title='bbox 459 970 628 1036; x_wconf 87' lang='lat' dir='ltr'>uerborum</span> <span class='ocrx_word' id='word_1_37' title='bbox 642 969 784 1036; x_wconf 86' lang='lat' dir='ltr'>ordinem</span> <span class='ocrx_word' id='word_1_38' title='bbox 802 969 953 1055; x_wconf 79' lang='lat' dir='ltr'>neglectis</span> <span class='ocrx_word' id='word_1_39' title='bbox 967 969 1106 1034; x_wconf 88' lang='lat' dir='ltr'>numeris</span> <span class='ocrx_word' id='word_1_40' title='bbox 1119 973 1218 1034; x_wconf 86' lang='lat' dir='ltr'>tetra-</span> 
     </span>
     <span class='ocr_line' id='line_1_7' title="bbox 85 1076 528 1146; baseline 0 -4"><span class='ocrx_word' id='word_1_41' title='bbox 85 1079 167 1143; x_wconf 90' lang='lat' dir='ltr'>metri</span> <span class='ocrx_word' id='word_1_42' title='bbox 189 1077 317 1146; x_wconf 89' lang='lat' dir='ltr'>iambici</span> <span class='ocrx_word' id='word_1_43' title='bbox 339 1076 528 1144; x_wconf 78' lang='lat' dir='ltr'>catalectici:</span> 
     </span>
     <span class='ocr_line' id='line_1_8' title="bbox 184 1193 1084 1288; baseline -0.002 -19"><span class='ocrx_word' id='word_1_44' title='bbox 184 1195 272 1287; x_wconf 71' lang='grc' dir='ltr'><strong><em>Ὲμοί</em></strong></span> <span class='ocrx_word' id='word_1_45' title='bbox 295 1203 331 1268; x_wconf 76' lang='grc' dir='ltr'>δὲ</span> <span class='ocrx_word' id='word_1_46' title='bbox 353 1209 514 1270; x_wconf 86' lang='grc' dir='ltr'><strong><em>τοιοῦτον</em></strong></span> <span class='ocrx_word' id='word_1_47' title='bbox 536 1197 634 1288; x_wconf 80' lang='grc' dir='ltr'><strong><em>ἔργον</em></strong></span> <span class='ocrx_word' id='word_1_48' title='bbox 657 1193 724 1268; x_wconf 78' lang='grc' dir='ltr'><strong><em>ἐστ’</em></strong></span> <span class='ocrx_word' id='word_1_49' title='bbox 747 1201 974 1288; x_wconf 80' lang='grc' dir='ltr'><strong><em>εἰργασμένον,</em></strong></span> <span class='ocrx_word' id='word_1_50' title='bbox 997 1193 1084 1268; x_wconf 80' lang='grc' dir='ltr'><strong><em>ιόοτε</em></strong></span> 
     </span>
     <span class='ocr_line' id='line_1_9' title="bbox 85 1327 594 1411; baseline 0.004 -20"><span class='ocrx_word' id='word_1_51' title='bbox 85 1327 130 1410; x_wconf 90' lang='lat' dir='ltr'>qni</span> <span class='ocrx_word' id='word_1_52' title='bbox 151 1349 262 1394; x_wconf 74' lang='lat' dir='ltr'>nemus</span> <span class='ocrx_word' id='word_1_53' title='bbox 284 1328 408 1411; x_wconf 84' lang='lat' dir='ltr'>integer</span> <span class='ocrx_word' id='word_1_54' title='bbox 431 1328 476 1394; x_wconf 88' lang='lat' dir='ltr'>sio</span> <span class='ocrx_word' id='word_1_55' title='bbox 498 1329 594 1394; x_wconf 89' lang='lat' dir='ltr'>cluet:</span> 
     </span>
     <span class='ocr_line' id='line_1_10' title="bbox 181 1443 1115 1538; baseline 0 -20"><span class='ocrx_word' id='word_1_56' title='bbox 181 1444 269 1538; x_wconf 74' lang='grc' dir='ltr'>Ἐμοὶ</span> <span class='ocrx_word' id='word_1_57' title='bbox 291 1449 353 1538; x_wconf 84' lang='grc' dir='ltr'>γάρ</span> <span class='ocrx_word' id='word_1_58' title='bbox 378 1444 444 1518; x_wconf 76' lang='grc' dir='ltr'><strong><em>ἐστ’</em></strong></span> <span class='ocrx_word' id='word_1_59' title='bbox 468 1451 684 1538; x_wconf 75' lang='grc' dir='ltr'><strong><em>εἰργασμένον</em></strong></span> <span class='ocrx_word' id='word_1_60' title='bbox 706 1458 865 1519; x_wconf 85' lang='grc' dir='ltr'><strong><em>τοιοῦτον</em></strong></span> <span class='ocrx_word' id='word_1_61' title='bbox 887 1448 996 1538; x_wconf 81' lang='grc' dir='ltr'><strong><em>ἔργον,</em></strong></span> <span class='ocrx_word' id='word_1_62' title='bbox 1019 1443 1115 1519; x_wconf 79' lang='grc' dir='ltr'><strong><em>ὥστε.</em></strong></span> 
     </span>
    </p>
   </div>
   <div class='ocr_carea' id='block_1_3' title="bbox 10 1577 1227 4247">
    <p class='ocr_par' dir='ltr' id='par_1_3' title="bbox 87 1577 1220 1859">
     <span class='ocr_line' id='line_1_11' title="bbox 162 1577 1219 1664; baseline -0.002 -20"><span class='ocrx_word' id='word_1_63' title='bbox 162 1577 200 1644; x_wconf 92' lang='lat' dir='ltr'>ln</span> <span class='ocrx_word' id='word_1_64' title='bbox 222 1599 271 1642; x_wconf 87' lang='lat' dir='ltr'>vv.</span> <span class='ocrx_word' id='word_1_65' title='bbox 293 1577 480 1655; x_wconf 76' lang='lat' dir='ltr'>ars-980,</span> <span class='ocrx_word' id='word_1_66' title='bbox 507 1577 561 1643; x_wconf 92' lang='lat' dir='ltr'>ubi</span> <span class='ocrx_word' id='word_1_67' title='bbox 585 1579 664 1643; x_wconf 89' lang='lat' dir='ltr'>duos</span> <span class='ocrx_word' id='word_1_68' title='bbox 685 1599 797 1644; x_wconf 86' lang='lat' dir='ltr'>uersus</span> <span class='ocrx_word' id='word_1_69' title='bbox 819 1579 986 1664; x_wconf 86' lang='lat' dir='ltr'>glyconeos</span> <span class='ocrx_word' id='word_1_70' title='bbox 1010 1577 1126 1663; x_wconf 88' lang='lat' dir='ltr'>excipit</span> <span class='ocrx_word' id='word_1_71' title='bbox 1148 1599 1219 1644; x_wconf 89' lang='lat' dir='ltr'>uer-</span> 
     </span>
     <span class='ocr_line' id='line_1_12' title="bbox 87 1684 1220 1770; baseline 0.001 -21"><span class='ocrx_word' id='word_1_72' title='bbox 87 1706 130 1750; x_wconf 85' lang='lat' dir='ltr'>sus</span> <span class='ocrx_word' id='word_1_73' title='bbox 155 1685 393 1769; x_wconf 85' lang='lat' dir='ltr'>pherecrateus,</span> <span class='ocrx_word' id='word_1_74' title='bbox 420 1684 534 1752; x_wconf 88' lang='lat' dir='ltr'>Suidas</span> <span class='ocrx_word' id='word_1_75' title='bbox 561 1705 630 1750; x_wconf 90' lang='lat' dir='ltr'>eam</span> <span class='ocrx_word' id='word_1_76' title='bbox 657 1687 913 1770; x_wconf 89' lang='lat' dir='ltr'>compositionem</span> <span class='ocrx_word' id='word_1_77' title='bbox 939 1686 1054 1751; x_wconf 89' lang='lat' dir='ltr'>misere</span> <span class='ocrx_word' id='word_1_78' title='bbox 1076 1685 1220 1752; x_wconf 85' lang='lat' dir='ltr'>turbauit</span> 
     </span>
     <span class='ocr_line' id='line_1_13' title="bbox 87 1791 376 1859; baseline 0.007 -3"><span class='ocrx_word' id='word_1_79' title='bbox 87 1813 147 1856; x_wconf 85' lang='lat' dir='ltr'>com</span> <span class='ocrx_word' id='word_1_80' title='bbox 167 1791 376 1859; x_wconf 74' lang='lat' dir='ltr'>describeret:</span> 
     </span>
    </p>

    <p class='ocr_par' dir='ltr' id='par_1_4' title="bbox 377 1891 907 1988">
     <span class='ocr_line' id='line_1_14' title="bbox 377 1891 907 1988; baseline 0 -22"><span class='ocrx_word' id='word_1_81' title='bbox 377 1896 463 1966; x_wconf 88' lang='grc' dir='ltr'><strong><em>σίων</em></strong></span> <span class='ocrx_word' id='word_1_82' title='bbox 485 1891 750 1986; x_wconf 75' lang='grc' dir='ltr'><strong><em>ἀργαλεωτάτων</em></strong></span> <span class='ocrx_word' id='word_1_83' title='bbox 772 1892 907 1988; x_wconf 78' lang='grc' dir='ltr'><strong><em>ήκσυά</em></strong></span> 
     </span>
    </p>

    <p class='ocr_par' dir='ltr' id='par_1_5' title="bbox 377 2004 878 2092">
     <span class='ocr_line' id='line_1_15' title="bbox 377 2004 878 2092; baseline 0.002 -21"><span class='ocrx_word' id='word_1_84' title='bbox 377 2004 414 2072; x_wconf 76' lang='grc' dir='ltr'><strong><em>ἐν</em></strong></span> <span class='ocrx_word' id='word_1_85' title='bbox 436 2013 486 2092; x_wconf 82' lang='grc' dir='ltr'><strong><em>τῷ</em></strong></span> <span class='ocrx_word' id='word_1_86' title='bbox 510 2006 657 2092; x_wconf 80' lang='grc' dir='ltr'><strong><em>δείγματι</em></strong></span> <span class='ocrx_word' id='word_1_87' title='bbox 679 2013 750 2072; x_wconf 82' lang='grc' dir='ltr'><strong><em>τεόν</em></strong></span> <span class='ocrx_word' id='word_1_88' title='bbox 773 2007 878 2073; x_wconf 82' lang='grc' dir='ltr'><strong><em>δικῶν</em></strong></span> 
     </span>
    </p>

    <p class='ocr_par' dir='ltr' id='par_1_6' title="bbox 10 2106 1219 2431">
     <span class='ocr_line' id='line_1_16' title="bbox 379 2106 638 2199; baseline 0.004 -20"><span class='ocrx_word' id='word_1_89' title='bbox 379 2106 638 2199; x_wconf 83' lang='grc' dir='ltr'>ἀντιλεγόντων,1</span> 
     </span>
     <span class='ocr_line' id='line_1_17' title="bbox 10 2223 1219 2324; baseline 0.004 -25"><span class='ocrx_word' id='word_1_90' title='bbox 10 2223 11 2228; x_wconf 29' lang='lat'>¹</span> <span class='ocrx_word' id='word_1_91' title='bbox 90 2240 134 2319; x_wconf 86' lang='lat' dir='ltr'>qni</span> <span class='ocrx_word' id='word_1_92' title='bbox 156 2237 302 2304; x_wconf 89' lang='lat' dir='ltr'>uersiculi</span> <span class='ocrx_word' id='word_1_93' title='bbox 325 2239 358 2302; x_wconf 92' lang='lat' dir='ltr'>in</span> <span class='ocrx_word' id='word_1_94' title='bbox 382 2238 543 2305; x_wconf 83' lang='lat' dir='ltr'>codicibus</span> <span class='ocrx_word' id='word_1_95' title='bbox 561 2239 783 2324; x_wconf 79' lang='lat' dir='ltr'>Aristophanis</span> <span class='ocrx_word' id='word_1_96' title='bbox 806 2245 891 2304; x_wconf 91' lang='lat' dir='ltr'>recte</span> <span class='ocrx_word' id='word_1_97' title='bbox 909 2241 955 2305; x_wconf 86' lang='lat' dir='ltr'>sic</span> <span class='ocrx_word' id='word_1_98' title='bbox 973 2239 1219 2324; x_wconf 88' lang='lat' dir='ltr'>distinguuntur,</span> 
     </span>
     <span class='ocr_line' id='line_1_18' title="bbox 90 2336 854 2431; baseline 0.007 -24"><span class='ocrx_word' id='word_1_99' title='bbox 90 2351 119 2408; x_wconf 86' lang='lat' dir='ltr'>ut</span> <span class='ocrx_word' id='word_1_100' title='bbox 138 2337 252 2431; x_wconf 71' lang='lat' dir='ltr'>r&#39;Jaeoco&#39;</span> <span class='ocrx_word' id='word_1_101' title='bbox 274 2351 349 2409; x_wconf 88' lang='lat' dir='ltr'>ante</span> <span class='ocrx_word' id='word_1_102' title='bbox 373 2336 620 2430; x_wconf 76' lang='grc' dir='ltr'><strong><em>ἀντιλεγόντων</em></strong></span> <span class='ocrx_word' id='word_1_103' title='bbox 643 2347 780 2431; x_wconf 91' lang='lat' dir='ltr'>positum</span> <span class='ocrx_word' id='word_1_104' title='bbox 804 2346 854 2412; x_wconf 88' lang='lat' dir='ltr'>sit.</span> 
     </span>
    </p>

    <p class='ocr_par' dir='ltr' id='par_1_7' title="bbox 12 2452 1221 3288">
     <span class='ocr_line' id='line_1_19' title="bbox 167 2452 1218 2538; baseline 0.002 -22"><span class='ocrx_word' id='word_1_105' title='bbox 167 2452 320 2517; x_wconf 83' lang='lat' dir='ltr'>Varenum</span> <span class='ocrx_word' id='word_1_106' title='bbox 343 2452 407 2516; x_wconf 80' lang='lat'>259</span> <span class='ocrx_word' id='word_1_107' title='bbox 433 2453 499 2518; x_wconf 81' lang='lat'>260</span> <span class='ocrx_word' id='word_1_108' title='bbox 526 2453 702 2538; x_wconf 86' lang='lat' dir='ltr'>fragmenta</span> <span class='ocrx_word' id='word_1_109' title='bbox 728 2453 807 2519; x_wconf 88' lang='lat' dir='ltr'>haec</span> <span class='ocrx_word' id='word_1_110' title='bbox 833 2454 917 2538; x_wconf 89' lang='lat' dir='ltr'>apud</span> <span class='ocrx_word' id='word_1_111' title='bbox 941 2452 1069 2520; x_wconf 89' lang='lat' dir='ltr'>Suidam</span> <span class='ocrx_word' id='word_1_112' title='bbox 1096 2459 1218 2520; x_wconf 85' lang='lat' dir='ltr'>extent:</span> 
     </span>
     <span class='ocr_line' id='line_1_20' title="bbox 167 2551 1134 2647; baseline 0.003 -25"><span class='ocrx_word' id='word_1_113' title='bbox 167 2559 324 2624; x_wconf 76' lang='grc' dir='ltr'><strong><em>διασείων</em></strong></span> <span class='ocrx_word' id='word_1_114' title='bbox 346 2551 426 2636; x_wconf 81' lang='grc' dir='ltr'>τούς</span> <span class='ocrx_word' id='word_1_115' title='bbox 448 2552 677 2640; x_wconf 74' lang='grc' dir='ltr'><strong><em>ὑπευθύνους,</em></strong></span> <span class='ocrx_word' id='word_1_116' title='bbox 701 2558 731 2624; x_wconf 89' lang='grc' dir='ltr'><strong><em>εί</em></strong></span> <span class='ocrx_word' id='word_1_117' title='bbox 751 2559 872 2625; x_wconf 90' lang='grc' dir='ltr'><strong><em>πέπων</em></strong></span> <span class='ocrx_word' id='word_1_118' title='bbox 895 2551 916 2647; x_wconf 83' lang='grc' dir='ltr'>ἢ</span> <span class='ocrx_word' id='word_1_119' title='bbox 937 2552 982 2647; x_wconf 85' lang='grc' dir='ltr'>μὴ</span> <span class='ocrx_word' id='word_1_120' title='bbox 1004 2559 1134 2627; x_wconf 90' lang='grc' dir='ltr'><strong><em>πέπων.</em></strong></span> 
     </span>
     <span class='ocr_line' id='line_1_21' title="bbox 92 2663 1220 2753; baseline 0.004 -24"><span class='ocrx_word' id='word_1_121' title='bbox 92 2663 217 2730; x_wconf 88' lang='lat' dir='ltr'>Primum</span> <span class='ocrx_word' id='word_1_122' title='bbox 248 2665 301 2731; x_wconf 90' lang='lat' dir='ltr'>hic</span> <span class='ocrx_word' id='word_1_123' title='bbox 338 2667 495 2732; x_wconf 86' lang='grc' dir='ltr'><strong><em>διασείων</em></strong></span> <span class='ocrx_word' id='word_1_124' title='bbox 530 2667 685 2751; x_wconf 82' lang='lat' dir='ltr'>glossema</span> <span class='ocrx_word' id='word_1_125' title='bbox 721 2667 967 2752; x_wconf 87' lang='lat' dir='ltr'>superscriptum</span> <span class='ocrx_word' id='word_1_126' title='bbox 1003 2669 1131 2753; x_wconf 87' lang='lat' dir='ltr'>irrepsit</span> <span class='ocrx_word' id='word_1_127' title='bbox 1161 2690 1220 2753; x_wconf 89' lang='lat' dir='ltr'>pro</span> 
     </span>
     <span class='ocr_line' id='line_1_22' title="bbox 91 2758 1219 2859; baseline 0.005 -25"><span class='ocrx_word' id='word_1_128' title='bbox 91 2758 217 2854; x_wconf 74' lang='grc' dir='ltr'><strong><em>πιέζων,</em></strong></span> <span class='ocrx_word' id='word_1_129' title='bbox 249 2773 333 2856; x_wconf 90' lang='lat' dir='ltr'>quod</span> <span class='ocrx_word' id='word_1_130' title='bbox 362 2772 490 2840; x_wconf 89' lang='lat' dir='ltr'>Suidam</span> <span class='ocrx_word' id='word_1_131' title='bbox 519 2775 551 2837; x_wconf 91' lang='lat' dir='ltr'>in</span> <span class='ocrx_word' id='word_1_132' title='bbox 579 2775 685 2840; x_wconf 83' lang='lat' dir='ltr'>codice</span> <span class='ocrx_word' id='word_1_133' title='bbox 713 2795 769 2840; x_wconf 87' lang='lat' dir='ltr'>sno</span> <span class='ocrx_word' id='word_1_134' title='bbox 796 2775 954 2840; x_wconf 87' lang='lat' dir='ltr'>inuenisse</span> <span class='ocrx_word' id='word_1_135' title='bbox 982 2776 1095 2842; x_wconf 88' lang='lat' dir='ltr'>docent</span> <span class='ocrx_word' id='word_1_136' title='bbox 1121 2775 1219 2859; x_wconf 89' lang='lat' dir='ltr'>ipsius</span> 
     </span>
     <span class='ocr_line' id='line_1_23' title="bbox 92 2871 1221 2968; baseline 0.007 -28"><span class='ocrx_word' id='word_1_137' title='bbox 92 2879 177 2944; x_wconf 83' lang='lat' dir='ltr'>uerba</span> <span class='ocrx_word' id='word_1_138' title='bbox 198 2901 222 2944; x_wconf 89' lang='lat' dir='ltr'>s.</span> <span class='ocrx_word' id='word_1_139' title='bbox 240 2879 281 2963; x_wconf 86' lang='lat' dir='ltr'>gl.</span> <span class='ocrx_word' id='word_1_140' title='bbox 304 2871 536 2962; x_wconf 73' lang='grc' dir='ltr'><strong><em>λίποσυκάζεις</em></strong></span> <span class='ocrx_word' id='word_1_141' title='bbox 557 2919 597 2929; x_wconf 91' lang='grc'>-</span> <span class='ocrx_word' id='word_1_142' title='bbox 617 2871 841 2962; x_wconf 82' lang='grc' dir='ltr'><strong><em>ἀποσυκάζειν</em></strong></span> <span class='ocrx_word' id='word_1_143' title='bbox 864 2873 926 2968; x_wconf 82' lang='grc' dir='ltr'>γὰρ</span> <span class='ocrx_word' id='word_1_144' title='bbox 949 2873 989 2947; x_wconf 89' lang='grc' dir='ltr'><strong><em>τό</em></strong></span> <span class='ocrx_word' id='word_1_145' title='bbox 1013 2874 1055 2948; x_wconf 76' lang='lat' dir='ltr'>cd</span> <span class='ocrx_word' id='word_1_146' title='bbox 1077 2882 1221 2968; x_wconf 89' lang='grc' dir='ltr'><strong><em>πέπειρα</em></strong></span> 
     </span>
     <span class='ocr_line' id='line_1_24' title="bbox 93 2983 1220 3074; baseline 0.007 -26"><span class='ocrx_word' id='word_1_147' title='bbox 93 2991 165 3049; x_wconf 75' lang='grc' dir='ltr'><strong><em>σῦκα</em></strong></span> <span class='ocrx_word' id='word_1_148' title='bbox 196 2985 372 3070; x_wconf 81' lang='grc' dir='ltr'><strong><em>διαλέγειν·</em></strong></span> <span class='ocrx_word' id='word_1_149' title='bbox 406 2983 524 3072; x_wconf 85' lang='grc' dir='ltr'><strong><em>διόπερ</em></strong></span> <span class='ocrx_word' id='word_1_150' title='bbox 552 2987 744 3074; x_wconf 68' lang='grc' dir='ltr'><strong><em>προσέθηκε</em></strong></span> <span class='ocrx_word' id='word_1_151' title='bbox 771 2987 905 3070; x_wconf 74' lang='grc' dir='ltr'><strong><em>πιέζων.</em></strong></span> <span class='ocrx_word' id='word_1_152' title='bbox 960 2989 1041 3054; x_wconf 88' lang='lat' dir='ltr'>Tum</span> <span class='ocrx_word' id='word_1_153' title='bbox 1067 2990 1220 3074; x_wconf 86' lang='lat' dir='ltr'>neglectis</span> 
     </span>
     <span class='ocr_line' id='line_1_25' title="bbox 93 3082 1220 3183; baseline 0.008 -30"><span class='ocrx_word' id='word_1_154' title='bbox 93 3091 184 3156; x_wconf 87' lang='lat' dir='ltr'>uerbis</span> <span class='ocrx_word' id='word_1_155' title='bbox 212 3082 304 3169; x_wconf 80' lang='grc' dir='ltr'><strong><em>ὅστις</em></strong></span> <span class='ocrx_word' id='word_1_156' title='bbox 336 3085 451 3158; x_wconf 78' lang='grc' dir='ltr'><strong><em>αὐτῶν</em></strong></span> <span class='ocrx_word' id='word_1_157' title='bbox 483 3086 573 3178; x_wconf 86' lang='grc' dir='ltr'><strong><em>ω’μός</em></strong></span> <span class='ocrx_word' id='word_1_158' title='bbox 602 3092 692 3160; x_wconf 77' lang='grc' dir='ltr'><strong><em>ἐστιν</em></strong></span> <span class='ocrx_word' id='word_1_159' title='bbox 721 3115 758 3160; x_wconf 86' lang='lat' dir='ltr'>ex</span> <span class='ocrx_word' id='word_1_160' title='bbox 785 3087 806 3181; x_wconf 85' lang='grc' dir='ltr'><strong><em>ή</em></strong></span> <span class='ocrx_word' id='word_1_161' title='bbox 833 3094 954 3161; x_wconf 87' lang='grc' dir='ltr'><strong><em>πέπων</em></strong></span> <span class='ocrx_word' id='word_1_162' title='bbox 980 3088 1001 3183; x_wconf 85' lang='grc' dir='ltr'><strong><em>ή</em></strong></span> <span class='ocrx_word' id='word_1_163' title='bbox 1027 3089 1072 3183; x_wconf 85' lang='grc' dir='ltr'>μή</span> <span class='ocrx_word' id='word_1_164' title='bbox 1099 3095 1220 3162; x_wconf 88' lang='grc' dir='ltr'><strong><em>πέπων</em></strong></span> 
     </span>
     <span class='ocr_line' id='line_1_26' title="bbox 12 3191 1221 3288; baseline 0.007 -27"><span class='ocrx_word' id='word_1_165' title='bbox 12 3247 13 3250; x_wconf 20' lang='lat'>¹</span> <span class='ocrx_word' id='word_1_166' title='bbox 93 3195 229 3264; x_wconf 81' lang='lat' dir='ltr'>formauit</span> <span class='ocrx_word' id='word_1_167' title='bbox 250 3200 448 3265; x_wconf 86' lang='lat' dir='ltr'>enuntiatum</span> <span class='ocrx_word' id='word_1_168' title='bbox 467 3198 496 3264; x_wconf 91' lang='grc' dir='ltr'><strong><em>εί</em></strong></span> <span class='ocrx_word' id='word_1_169' title='bbox 513 3200 634 3266; x_wconf 82' lang='grc' dir='ltr'><strong><em>πέπων</em></strong></span> <span class='ocrx_word' id='word_1_170' title='bbox 651 3192 673 3288; x_wconf 81' lang='grc' dir='ltr'><em>ἢ</em></span> <span class='ocrx_word' id='word_1_171' title='bbox 690 3191 734 3287; x_wconf 84' lang='grc' dir='ltr'>μή</span> <span class='ocrx_word' id='word_1_172' title='bbox 751 3200 883 3283; x_wconf 89' lang='grc' dir='ltr'><strong><em>πέπων,</em></strong></span> <span class='ocrx_word' id='word_1_173' title='bbox 905 3203 989 3288; x_wconf 86' lang='lat' dir='ltr'>qnod</span> <span class='ocrx_word' id='word_1_174' title='bbox 1011 3225 1032 3268; x_wconf 91' lang='lat' dir='ltr'>a</span> <span class='ocrx_word' id='word_1_175' title='bbox 1053 3204 1221 3288; x_wconf 85' lang='lat' dir='ltr'>participio</span> 
     </span>
    </p>

    <p class='ocr_par' dir='ltr' id='par_1_8' title="bbox 94 3307 514 3390">
     <span class='ocr_line' id='line_1_27' title="bbox 94 3307 514 3390; baseline 0.017 -23"><span class='ocrx_word' id='word_1_176' title='bbox 94 3311 220 3370; x_wconf 72' lang='grc' dir='ltr'><strong><em>σκοποῦν</em></strong></span> <span class='ocrx_word' id='word_1_177' title='bbox 242 3307 310 3390; x_wconf 88' lang='lat' dir='ltr'>regi</span> <span class='ocrx_word' id='word_1_178' title='bbox 333 3307 442 3373; x_wconf 84' lang='lat' dir='ltr'>noluit</span> <span class='ocrx_word' id='word_1_179' title='bbox 512 3309 514 3318; x_wconf 77' lang='grc'>’</span> 
     </span>
    </p>

    <p class='ocr_par' dir='ltr' id='par_1_9' title="bbox 95 3405 1220 3822">
     <span class='ocr_line' id='line_1_28' title="bbox 169 3405 1220 3503; baseline 0.005 -26"><span class='ocrx_word' id='word_1_180' title='bbox 169 3413 204 3477; x_wconf 90' lang='lat' dir='ltr'>ln</span> <span class='ocrx_word' id='word_1_181' title='bbox 227 3434 253 3478; x_wconf 82' lang='lat' dir='ltr'>v.</span> <span class='ocrx_word' id='word_1_182' title='bbox 278 3413 342 3478; x_wconf 76' lang='lat'>276</span> <span class='ocrx_word' id='word_1_183' title='bbox 366 3405 427 3478; x_wconf 90' lang='grc' dir='ltr'>ἀλλ</span> <span class='ocrx_word' id='word_1_184' title='bbox 451 3405 510 3480; x_wconf 74' lang='lat' dir='ltr'>tolo</span> <span class='ocrx_word' id='word_1_185' title='bbox 534 3410 670 3502; x_wconf 75' lang='grc' dir='ltr'><strong><em>νικήσῃς</em></strong></span> <span class='ocrx_word' id='word_1_186' title='bbox 696 3422 737 3499; x_wconf 78' lang='grc' dir='ltr'><strong><em>τῇ</em></strong></span> <span class='ocrx_word' id='word_1_187' title='bbox 763 3421 841 3500; x_wconf 79' lang='grc' dir='ltr'><strong><em>βοῇ,</em></strong></span> <span class='ocrx_word' id='word_1_188' title='bbox 868 3412 1026 3503; x_wconf 85' lang='grc' dir='ltr'><strong><em>τήνελλος</em></strong></span> <span class='ocrx_word' id='word_1_189' title='bbox 1050 3412 1081 3481; x_wconf 85' lang='grc' dir='ltr'><strong><em>εί</em></strong></span> <span class='ocrx_word' id='word_1_190' title='bbox 1106 3415 1220 3482; x_wconf 89' lang='lat' dir='ltr'>Suidas</span> 
     </span>
     <span class='ocr_line' id='line_1_29' title="bbox 95 3518 1219 3611; baseline 0.002 -26"><span class='ocrx_word' id='word_1_191' title='bbox 95 3518 202 3586; x_wconf 81' lang='lat' dir='ltr'>omissis</span> <span class='ocrx_word' id='word_1_192' title='bbox 228 3520 334 3586; x_wconf 86' lang='lat' dir='ltr'>uerbis</span> <span class='ocrx_word' id='word_1_193' title='bbox 360 3519 476 3605; x_wconf 87' lang='grc' dir='ltr'><strong><em>μέντοι</em></strong></span> <span class='ocrx_word' id='word_1_194' title='bbox 502 3543 539 3606; x_wconf 89' lang='grc' dir='ltr'><strong><em>γε</em></strong></span> <span class='ocrx_word' id='word_1_195' title='bbox 565 3523 618 3587; x_wconf 88' lang='lat' dir='ltr'>uel</span> <span class='ocrx_word' id='word_1_196' title='bbox 644 3522 706 3607; x_wconf 75' lang='grc' dir='ltr'><strong><em>μέν</em></strong></span> <span class='ocrx_word' id='word_1_197' title='bbox 732 3519 832 3589; x_wconf 90' lang='grc' dir='ltr'><strong><em>τόνδε</em></strong></span> <span class='ocrx_word' id='word_1_198' title='bbox 842 3525 868 3610; x_wconf 91' lang='lat'>¹)</span> <span class='ocrx_word' id='word_1_199' title='bbox 895 3545 954 3608; x_wconf 90' lang='lat' dir='ltr'>pro</span> <span class='ocrx_word' id='word_1_200' title='bbox 978 3529 1072 3611; x_wconf 76' lang='grc' dir='ltr'><strong><em>νικᾷς</em></strong></span> <span class='ocrx_word' id='word_1_201' title='bbox 1095 3522 1219 3588; x_wconf 87' lang='lat' dir='ltr'>Aristo-</span> 
     </span>
     <span class='ocr_line' id='line_1_30' title="bbox 95 3623 1220 3715; baseline 0.004 -25"><span class='ocrx_word' id='word_1_202' title='bbox 95 3623 178 3704; x_wconf 87' lang='lat' dir='ltr'>phani</span> <span class='ocrx_word' id='word_1_203' title='bbox 194 3627 366 3694; x_wconf 83' lang='lat' dir='ltr'>inculcauit</span> <span class='ocrx_word' id='word_1_204' title='bbox 383 3624 529 3715; x_wconf 78' lang='grc' dir='ltr'><strong><em>νικήσῃς,</em></strong></span> <span class='ocrx_word' id='word_1_205' title='bbox 545 3629 630 3712; x_wconf 90' lang='lat' dir='ltr'>quod</span> <span class='ocrx_word' id='word_1_206' title='bbox 649 3629 836 3696; x_wconf 83' lang='lat' dir='ltr'>uocabulum</span> <span class='ocrx_word' id='word_1_207' title='bbox 853 3633 928 3696; x_wconf 89' lang='lat' dir='ltr'>ante</span> <span class='ocrx_word' id='word_1_208' title='bbox 947 3629 1104 3696; x_wconf 87' lang='lat' dir='ltr'>diaeresin</span> <span class='ocrx_word' id='word_1_209' title='bbox 1121 3633 1220 3694; x_wconf 86' lang='lat' dir='ltr'>tetra·</span> 
     </span>
     <span class='ocr_line' id='line_1_31' title="bbox 95 3733 865 3822; baseline 0.013 -28"><span class='ocrx_word' id='word_1_210' title='bbox 95 3733 174 3796; x_wconf 89' lang='lat' dir='ltr'>metri</span> <span class='ocrx_word' id='word_1_211' title='bbox 195 3734 346 3800; x_wconf 78' lang='lat' dir='ltr'>trochaici</span> <span class='ocrx_word' id='word_1_212' title='bbox 369 3735 545 3802; x_wconf 76' lang='lat' dir='ltr'>catalectici</span> <span class='ocrx_word' id='word_1_213' title='bbox 569 3735 644 3801; x_wconf 79' lang='lat' dir='ltr'>terri</span> <span class='ocrx_word' id='word_1_214' title='bbox 667 3757 732 3801; x_wconf 93' lang='lat' dir='ltr'>non</span> <span class='ocrx_word' id='word_1_215' title='bbox 753 3743 865 3822; x_wconf 89' lang='lat' dir='ltr'>potest.</span> 
     </span>
    </p>

    <p class='ocr_par' dir='ltr' id='par_1_10' title="bbox 97 3833 1227 4247">
     <span class='ocr_line' id='line_1_32' title="bbox 171 3833 1221 3928; baseline 0 -24"><span class='ocrx_word' id='word_1_216' title='bbox 171 3839 288 3906; x_wconf 83' lang='lat' dir='ltr'>Eodem</span> <span class='ocrx_word' id='word_1_217' title='bbox 310 3841 510 3908; x_wconf 87' lang='lat' dir='ltr'>referendum</span> <span class='ocrx_word' id='word_1_218' title='bbox 532 3851 588 3920; x_wconf 85' lang='lat' dir='ltr'>est,</span> <span class='ocrx_word' id='word_1_219' title='bbox 611 3843 695 3927; x_wconf 90' lang='lat' dir='ltr'>quod</span> <span class='ocrx_word' id='word_1_220' title='bbox 718 3867 745 3909; x_wconf 87' lang='lat' dir='ltr'>v.</span> <span class='ocrx_word' id='word_1_221' title='bbox 763 3845 785 3908; x_wconf 88' lang='lat'>4</span> <span class='ocrx_word' id='word_1_222' title='bbox 809 3837 868 3926; x_wconf 84' lang='grc' dir='ltr'>ἀφ’</span> <span class='ocrx_word' id='word_1_223' title='bbox 886 3833 928 3911; x_wconf 82' lang='grc' dir='ltr'>οὗ</span> <span class='ocrx_word' id='word_1_224' title='bbox 945 3835 1008 3928; x_wconf 83' lang='grc' dir='ltr'>γὰρ</span> <span class='ocrx_word' id='word_1_225' title='bbox 1027 3837 1221 3926; x_wconf 83' lang='grc' dir='ltr'><strong><em>εἰσήρρησεν</em></strong></span> 
     </span>
     <span class='ocr_line' id='line_1_33' title="bbox 97 3934 1224 4034; baseline 0.003 -28"><span class='ocrx_word' id='word_1_226' title='bbox 97 3945 208 4011; x_wconf 81' lang='lat' dir='ltr'>exhibet</span> <span class='ocrx_word' id='word_1_227' title='bbox 233 3971 292 4031; x_wconf 90' lang='lat' dir='ltr'>pro</span> <span class='ocrx_word' id='word_1_228' title='bbox 321 3947 357 4030; x_wconf 75' lang='grc' dir='ltr'>ἐξ</span> <span class='ocrx_word' id='word_1_229' title='bbox 384 3938 425 4014; x_wconf 82' lang='grc' dir='ltr'>οδ</span> <span class='ocrx_word' id='word_1_230' title='bbox 451 3973 479 4034; x_wconf 88' lang='grc' dir='ltr'>γ.</span> <span class='ocrx_word' id='word_1_231' title='bbox 504 3948 558 4028; x_wconf 75' lang='grc' dir='ltr'><strong><em>ελ,</em></strong></span> <span class='ocrx_word' id='word_1_232' title='bbox 590 3951 726 4016; x_wconf 88' lang='lat' dir='ltr'>mutauit</span> <span class='ocrx_word' id='word_1_233' title='bbox 757 3953 840 4018; x_wconf 89' lang='lat' dir='ltr'>enim</span> <span class='ocrx_word' id='word_1_234' title='bbox 868 3947 1090 4034; x_wconf 85' lang='lat' dir='ltr'>Aristophanis</span> <span class='ocrx_word' id='word_1_235' title='bbox 1119 3943 1155 4024; x_wconf 77' lang='grc' dir='ltr'>ἐξ</span> <span class='ocrx_word' id='word_1_236' title='bbox 1182 3934 1224 4009; x_wconf 83' lang='grc' dir='ltr'>οὗ</span> 
     </span>
     <span class='ocr_line' id='line_1_34' title="bbox 99 4043 1226 4142; baseline -0.004 -27"><span class='ocrx_word' id='word_1_237' title='bbox 99 4049 123 4112; x_wconf 88' lang='lat' dir='ltr'>in</span> <span class='ocrx_word' id='word_1_238' title='bbox 148 4044 201 4135; x_wconf 81' lang='grc' dir='ltr'>ἀφ’</span> <span class='ocrx_word' id='word_1_239' title='bbox 227 4043 268 4120; x_wconf 79' lang='grc' dir='ltr'>οὗ</span> <span class='ocrx_word' id='word_1_240' title='bbox 295 4057 380 4138; x_wconf 89' lang='lat' dir='ltr'>quod</span> <span class='ocrx_word' id='word_1_241' title='bbox 409 4058 564 4122; x_wconf 88' lang='lat' dir='ltr'>communi</span> <span class='ocrx_word' id='word_1_242' title='bbox 593 4059 742 4142; x_wconf 88' lang='lat' dir='ltr'>loquendi</span> <span class='ocrx_word' id='word_1_243' title='bbox 769 4058 841 4124; x_wconf 90' lang='lat' dir='ltr'>usui</span> <span class='ocrx_word' id='word_1_244' title='bbox 867 4051 1137 4125; x_wconf 88' lang='lat' dir='ltr'>accommodatius</span> <span class='ocrx_word' id='word_1_245' title='bbox 1164 4049 1226 4129; x_wconf 88' lang='lat' dir='ltr'>ipsi</span> 
     </span>
     <span class='ocr_line' id='line_1_35' title="bbox 99 4143 1227 4247; baseline 0.001 -31"><span class='ocrx_word' id='word_1_246' title='bbox 99 4157 255 4226; x_wconf 87' lang='lat' dir='ltr'>uidebatur.</span> <span class='ocrx_word' id='word_1_247' title='bbox 302 4163 529 4246; x_wconf 85' lang='lat' dir='ltr'>Aristophanes</span> <span class='ocrx_word' id='word_1_248' title='bbox 556 4165 639 4228; x_wconf 91' lang='lat' dir='ltr'>enim</span> <span class='ocrx_word' id='word_1_249' title='bbox 667 4165 772 4230; x_wconf 88' lang='lat' dir='ltr'>uerbis</span> <span class='ocrx_word' id='word_1_250' title='bbox 800 4158 857 4247; x_wconf 85' lang='grc' dir='ltr'>ἀφ’</span> <span class='ocrx_word' id='word_1_251' title='bbox 885 4153 926 4231; x_wconf 85' lang='grc' dir='ltr'>οὗ</span> <span class='ocrx_word' id='word_1_252' title='bbox 953 4143 1151 4226; x_wconf 86' lang='lat' dir='ltr'>notionem‘</span> <span class='ocrx_word' id='word_1_253' title='bbox 1188 4173 1227 4214; x_wconf 81' lang='lat' dir='ltr'>ex</span> 
     </span>
    </p>
   </div>
   <div class='ocr_carea' id='block_1_4' title="bbox 101 4288 290 4308">
    <p class='ocr_par' dir='ltr' id='par_1_11' title="bbox 101 4288 290 4308">
     <span class='ocr_line' id='line_1_36' title="bbox 101 4288 290 4308; baseline 0 0"><span class='ocrx_word' id='word_1_254' title='bbox 101 4288 290 4308; x_wconf 69' lang='lat'>*····—··-——-</span> 
     </span>
    </p>
   </div>
   <div class='ocr_carea' id='block_1_5' title="bbox 159 4373 392 4437">
    <p class='ocr_par' dir='ltr' id='par_1_12' title="bbox 159 4373 392 4437">
     <span class='ocr_line' id='line_1_37' title="bbox 159 4373 392 4437; baseline 0.009 -11"><span class='ocrx_word' id='word_1_255' title='bbox 159 4375 176 4437; x_wconf 76' lang='lat' dir='ltr'>¹l</span> <span class='ocrx_word' id='word_1_256' title='bbox 193 4373 230 4428; x_wconf 88' lang='lat' dir='ltr'>sic</span> <span class='ocrx_word' id='word_1_257' title='bbox 248 4375 392 4429; x_wconf 86' lang='lat' dir='ltr'>Porsonns.</span> 
     </span>
    </p>
   </div>
   <div class='ocr_carea' id='block_1_6' title="bbox 0 0 1528 4896">
    <p class='ocr_par' dir='ltr' id='par_1_13' title="bbox 0 0 1528 4896">
     <span class='ocr_line' id='line_1_38' title="bbox 0 0 1528 4896; baseline 0 0"><span class='ocrx_word' id='word_1_258' title='bbox 0 0 1528 4896; x_wconf 95' lang='lat' dir='ltr'> </span> 
     </span>
    </p>
   </div>
  </div>
 </body>
</html>
