2982 4884
277 384 296 445 e
711 415 754 426 -
802 379 885 460 [aar]
934 413 977 422 -

276 569 445 651 scriptores
467 567 580 651 optimi
603 567 840 645 abstinuerunt,
873 565 967 630 simul
990 564 1023 629 in
1047 565 1153 628 animo
1177 563 1269 626 nobis
1290 567 1335 626 est
1351 561 1390 624 iu-

276 671 448 753 vestigare,
475 669 591 750 quibus
614 669 722 734 causis
747 668 860 733 ductus
883 668 995 732 Cicero
1017 667 1077 731 hoc
1100 667 1149 731 rel
1172 665 1251 729 illud
1273 663 1391 728 vocabu-

276 775 342 838 lum
364 779 421 838 aut
443 772 572 836 omnino
590 771 737 837 reiecerit
752 779 809 836 aut
822 791 894 835 raro
910 770 1103 836 adhibuerit.
1144 771 1312 834 Praeterea
1325 785 1390 848 quae

277 897 316 941 ex
340 895 458 940 aureae
473 875 590 938 aetatis
606 874 815 958 scriptoribus
830 872 917 958 apud
934 874 1118 948 Caesarem,
1144 873 1310 956 Nepotem,
1335 870 1390 934 Sal-

276 979 404 1043 lustium
428 976 634 1042 inveniuntur
664 977 813 1060 exempla
840 977 947 1041 omnia
976 977 1166 1055 afferemus;
1197 975 1275 1039 item
1297 973 1322 1038 si
1341 993 1390 1053 qua

276 1101 338 1145 vox
360 1081 393 1144 in
416 1079 524 1163 prisca
545 1079 705 1143 latinitate
728 1079 779 1144 vol
803 1080 889 1162 apud
905 1079 1090 1163 posterioris
1107 1077 1224 1142 aetatis
1240 1077 1390 1159 scriptores

275 1183 403 1266 legitur,
429 1183 599 1265 diligenter
622 1181 952 1247 commemorabimus.

362 1286 423 1363 Qui
441 1286 604 1351 Ciceronis
627 1292 733 1350 aetate
755 1285 789 1348 id
812 1285 873 1350 sibi
897 1286 1060 1351 habebant
1082 1283 1290 1368 propositum,
1315 1287 1347 1344 nt
1361 1279 1393 1342 ad

276 1400 380 1455 certas
411 1388 539 1471 regulas
570 1395 721 1470 certaque
749 1395 923 1472 praecepta
952 1389 1094 1470 linguam
1123 1387 1275 1464 latinam,
1306 1383 1393 1466 qualis

275 1499 351 1557 tunc
374 1497 453 1572 erat,
480 1491 663 1556 excolerent
678 1499 710 1556 et
725 1492 931 1576 perpolirent,
950 1493 990 1556 ab
1007 1491 1097 1555 initio
1114 1489 1194 1554 nihil
1209 1488 1298 1552 aliud
1312 1486 1391 1550 lacie-

275 1595 363 1675 hant,
389 1594 450 1658 nisi
472 1601 509 1658 ut
530 1613 748 1677 quaecumque
771 1595 877 1659 miuus
900 1603 976 1679 apta
998 1594 1182 1659 viderentur
1205 1614 1246 1658 ex
1269 1609 1394 1656 sermone

277 1717 335 1761 suo
358 1697 525 1761 reicerent.
574 1696 616 1760 ut
637 1696 749 1762 Cicero
772 1697 1033 1762 adulescentulus
1063 1718 1134 1762 cunr
1166 1697 1265 1761 libros
1294 1696 1332 1760 de
1352 1695 1393 1756 in-

276 1801 424 1866 ventione
445 1799 584 1864 scribere
600 1799 766 1884 inciperet,
792 1801 893 1866 multa
909 1800 1120 1884 deprehendit
1134 1799 1304 1876 vocabula,
1327 1815 1395 1880 quae

276 1904 364 1967 nullo
393 1902 634 1985 significationis
665 1903 849 1970 discrimine
879 1905 962 1969 inter
991 1923 1026 1968 se
1058 1903 1186 1968 differre
1215 1901 1393 1967 viderentur.

276 2007 346 2070 Huc
368 2007 528 2090 pertinent
549 2007 696 2092 inprimis
725 2007 827 2071 multa
849 2007 1000 2070 uocabula
1022 2006 1206 2088 composito,
1238 2005 1270 2068 in
1298 2004 1396 2086 quibus

277 2109 340 2173 iam
356 2116 431 2172 tunc
446 2110 694 2193 praepositionis
710 2110 759 2175 vis
776 2110 856 2174 adeo
872 2117 940 2174 erat
955 2110 1133 2190 debilitata,
1161 2117 1195 2174 ut
1211 2129 1274 2190 qua
1289 2107 1395 2171 ratione

276 2231 382 2276 corum
408 2211 598 2294 significatio
620 2213 755 2278 distaret
777 2234 797 2276 a
819 2215 916 2278 verbo
939 2213 1087 2297 simplici,
1114 2233 1177 2277 non
1200 2213 1263 2276 iam
1288 2209 1396 2295 perspi-

277 2321 413 2380 ceretur.
457 2317 568 2398 ltaque
591 2335 662 2382 oum
686 2316 718 2380 in
743 2335 888 2382 sermone
911 2317 1048 2400 plebeio,
1075 2317 1129 2398 qui
1153 2315 1253 2380 nimia
1275 2313 1394 2397 quadam

276 2417 402 2482 dicendi
415 2419 508 2502 copia
519 2418 707 2500 delectatur,
726 2420 881 2484 eiusmodi
898 2420 998 2484 multa
1012 2420 1046 2483 in
1059 2439 1118 2483 usu
1134 2427 1244 2484 essent
1256 2416 1396 2483 uocabula

277 2521 470 2605 composita,
496 2522 609 2586 mirum
633 2542 695 2586 non
719 2523 853 2602 videtur,
880 2523 964 2605 quod
987 2522 1098 2588 Cicero
1122 2523 1266 2605 vulgaris
1290 2541 1395 2586 senno

277 2625 327 2688 nis
343 2623 401 2688 illa
416 2611 544 2709 propria
559 2643 631 2689 csse
647 2631 736 2690 ratus
751 2625 785 2690 in
801 2645 877 2690 suos
893 2626 991 2690 libros
1006 2626 1137 2690 verbnm
1154 2625 1292 2708 simplex
1309 2624 1394 2687 solun

277 2728 407 2811 recepit.
447 2728 553 2792 Veluti
576 2749 616 2792 ex
638 2748 738 2793 aurea
760 2729 916 2794 sermonis
939 2735 1046 2795 aetate
1069 2729 1203 2794 exclusa
1219 2736 1292 2792 sunt
1313 2727 1395 2790 adde-

277 2838 325 2892 cet
346 2832 500 2908 condecet,
527 2837 690 2914 receptum
713 2839 763 2896 est
782 2851 879 2896 unum
894 2833 996 2901 dccet:
1022 2832 1098 2896 item
1115 2831 1285 2894 roam'milis
1300 2829 1394 2894 adiec-

278 2933 387 3014 tivum,
414 2953 484 2998 curn
509 2939 636 3017 praeter
658 2933 771 2998 similis
798 2955 861 2999 nou
890 2934 1106 3000 necessarium
1134 2954 1207 3000 esse
1240 2934 1392 3006 videretur,

276 3035 310 3099 in
334 3055 452 3101 aureae
471 3036 587 3101 aetatis
603 3057 699 3120 prosa
715 3037 856 3102 oratione
872 3059 942 3102 raro
959 3037 1183 3102 adhibebatur.
1223 3038 1291 3102 Neo
1305 3045 1395 3100 tamen

278 3139 385 3202 omnia
407 3138 506 3203 verba
528 3139 715 3223 composita,
742 3159 824 3223 quae
847 3139 981 3205 eandem
1004 3161 1099 3222 quam
1121 3141 1253 3205 verbum
1277 3137 1395 3222 simplex

278 3241 433 3306 haberent
453 3241 730 3324 significationem,
757 3243 901 3326 potuisse
916 3243 1045 3308 excludi
1061 3263 1100 3308 ex
1117 3263 1263 3308 sermone
1280 3243 1395 3322 claran-

277 3344 357 3407 tiore
372 3353 621 3410 consentaneum
636 3351 695 3426 est,
715 3366 787 3409 enm
804 3346 992 3429 praesertim
1008 3365 1071 3426 quo
1087 3346 1188 3409 maior
1203 3345 1293 3410 lieret
1308 3342 1395 3408 varie

277 3453 328 3512 tas
352 3456 383 3512 et
405 3448 617 3532 perspicuitas
639 3449 801 3526 orationis,
828 3469 925 3533 saepe
947 3449 980 3513 in
996 3449 1054 3514 hoc
1071 3469 1153 3533 opus
1170 3458 1254 3513 esset
1271 3447 1395 3532 pluribus

278 3551 409 3615 vocibus
441 3552 527 3616 idem
561 3551 826 3634 significantibus.
874 3553 985 3635 ltaque
1015 3571 1087 3617 oum
1117 3552 1228 3616 Cicero
1257 3547 1393 3615 vocabula

279 3673 459 3738 synonyma
481 3674 670 3720 coacervare
693 3656 819 3734 soleret,
846 3662 1069 3720 remanserunt
1091 3655 1231 3736 approbo
1251 3651 1394 3734 romprob

279 3757 408 3821 similia.
457 3758 628 3822 Praeterea
655 3757 748 3822 unius
771 3757 946 3822 rhetoricae
975 3777 1070 3840 quam
1100 3765 1217 3821 vocant
1247 3749 1391 3821 concinni·

278 3861 353 3925 tatis
382 3881 480 3925 causa
510 3861 693 3925 Ciceronem
725 3860 832 3925 verbis
861 3859 1051 3942 quibusdam
1087 3859 1287 3942 compositis,
1322 3871 1390 3938 qnae

278 3965 351 4029 aliis
373 3964 451 4028 locis
474 3985 537 4028 uon
553 3964 708 4044 adhibuit,
734 3964 892 4029 interdum
908 3982 1001 4027 usum
1018 3982 1090 4027 esse
1106 3961 1387 4026 demonstrabimus.

278 4068 402 4133 Deinde
418 4068 502 4150 quod
518 4069 683 4150 complura
697 4068 797 4132 verba
811 4066 997 4151 composita,
1022 4067 1109 4130 velut
1125 4066 1237 4128 odierno
1253 4063 1389 4126 consolor.

278 4171 376 4234 multo
399 4172 527 4254 saepius
551 4171 700 4253 leguntur
727 4170 811 4253 apud
840 4169 1081 4253 probatissimos
1110 4189 1225 4252 prosae
1255 4163 1391 4231 orationis

277 4271 446 4353 scriptores
468 4292 563 4352 quam
586 4272 747 4355 simplicia
768 4273 839 4334 iuno
862 4273 957 4348 solor,
986 4272 1052 4335 iure
1082 4271 1269 4338 corroludcre
1298 4264 1390 4332 licebit
