3008 4884
257 336 297 399 sn
716 370 759 379 -
808 333 891 414 pas.
939 369 983 378 -

346 545 358 584 2
402 521 502 586 Haud
531 521 640 586 minus
670 520 822 586 cotidiani
853 521 1011 586 sermonis
1042 526 1093 585 est
1121 527 1208 584 recto
1243 519 1322 600 (scil.
1350 519 1402 582 ein
1500 601 1501 606 ἵ

259 626 353 692 (loru.
379 625 435 702 lv,
463 629 514 696 50,
535 626 575 687 63
599 623 629 686 ai
649 624 694 687 od
714 645 762 688 mo
784 631 871 688 recto
890 625 1014 687 domum
1037 623 1195 700 chiantim
1223 621 1265 688 ci.
1292 621 1402 688 Koch·

258 729 305 794 ler
327 735 389 793 act.
416 727 481 792 Erl.
509 727 523 790 l
546 746 622 812 pag.
649 730 711 790 454
728 745 777 808 sq.

345 835 366 897 :tl
395 830 445 895 De
461 829 567 914 ellipsi
583 828 734 893 infinitivi
744 829 830 914 ficri
841 830 875 894 in
891 829 1036 897 formulis
1052 828 1243 912 quibusdam
1258 829 1404 894 maxime

260 933 389 998 comicis
423 932 528 1016 poetis
562 931 774 998 familiaribus
805 932 849 998 ci.
881 933 959 998 Brix
989 931 1031 998 ad
1061 932 1167 998 Plant.
1200 931 1289 997 Trin.
1317 936 1399 1006 7053

261 1036 381 1101 Lorenz
404 1033 445 1100 ad
469 1035 573 1100 Plant.
599 1035 694 1098 Most.
720 1037 801 1112 sct;
827 1035 997 1102 Antibarb.
1023 1055 1100 1119 pag.
1127 1037 1201 1099 886.
1249 1034 1331 1100 Item
1354 1036 1404 1099 le

260 1139 346 1222 gitur
368 1139 399 1201 si
414 1147 521 1221 potent
541 1157 599 1221 pro
622 1138 652 1200 ei
664 1137 749 1222 fieri
768 1145 876 1220 potest
897 1137 985 1222 apud
1009 1137 1104 1202 Corn.
1131 1138 1186 1212 IV,
1213 1141 1264 1218 50,
1285 1139 1327 1200 63
1356 1139 1404 1200 oi-

260 1242 331 1304 deio
355 1249 389 1305 ut
411 1241 580 1324 dr'lr'penter
608 1249 821 1320 numerentur,
855 1241 885 1304 ri
907 1249 1034 1323 potest,
1065 1248 1138 1304 aar&
1166 1248 1306 1318 noctem,
1341 1259 1405 1322 quo

260 1344 329 1408 loco
353 1343 558 1410 Cornificium
580 1342 741 1427 plebeium
762 1342 879 1408 imitari
903 1361 1082 1408 sermonem
1110 1343 1175 1408 iam
1205 1362 1304 1426 supra
1334 1363 1406 1406 mo-

260 1446 399 1510 unimus.

411 1548 482 1631 §b
523 1548 578 1614 De
601 1548 971 1614 enuntiationibus
995 1547 1245 1632 compositis.

348 1651 385 1715 ln
409 1649 569 1716 Comilicii
600 1659 633 1715 et
655 1649 694 1715 iis
718 1649 883 1717 Ciceronis
906 1650 1015 1731 libris,
1049 1669 1128 1732 quos
1151 1651 1184 1715 in
1207 1650 1266 1716 boc
1290 1651 1406 1716 libello

261 1755 434 1839 praecipue
471 1753 674 1836 respicimus,
713 1773 811 1837 saepe
843 1753 977 1819 secundi
1009 1753 1130 1818 ordinis
1165 1753 1406 1820 enuntiationes

262 1858 381 1924 omissa
411 1856 568 1942 particula
596 1877 651 1937 ea,
691 1875 756 1938 qua
785 1855 1001 1939 probatissimi
1031 1862 1178 1922 auctores
1207 1855 1252 1922 uti
1282 1858 1403 1936 solent,

261 1959 408 2026 faciliore
430 1968 462 2025 ct
483 1959 575 2043 quasi
599 1958 800 2043 expeditiore
822 1957 916 2024 modo
939 1958 1174 2042 coniunguntur
1202 1978 1274 2024 cum
1310 1980 1408 2044 prae-

262 2062 396 2130 cedente
425 2061 642 2128 enuntiatione
665 2060 828 2146 primaria.
875 2060 967 2138 Quod
997 2061 1144 2144 inprimis
1172 2060 1207 2126 lit
1235 2062 1267 2126 in
1300 2081 1407 2128 ennn-
1501 2127 1502 2134 q

262 2165 449 2231 tiationibus
477 2165 642 2246 finalibus,
675 2164 710 2229 in
739 2165 854 2248 quibus
884 2164 995 2248 optimi
1024 2164 1195 2249 scriptores
1224 2166 1407 2249 particulas

262 2277 298 2332 ut
320 2275 353 2334 et
375 2291 412 2331 oe
434 2266 589 2332 adhibere
611 2267 728 2346 solent;
756 2267 789 2330 in
812 2265 862 2330 his
885 2266 969 2331 enim
993 2267 1265 2334 enuntiationibus
1289 2267 1409 2334 Corni-

263 2370 370 2450 ficius,
403 2370 515 2436 Cicero
537 2371 571 2433 in
601 2370 712 2454 primis
741 2369 849 2450 libris,
883 2369 1022 2451 denique
1052 2389 1093 2435 ex
1121 2370 1253 2453 reliquis
1281 2391 1408 2438 aureae

263 2473 380 2539 aetatis
408 2491 520 2557 prosae
551 2472 703 2538 orationis
732 2471 916 2538 auctoribus
945 2473 1119 2557 praecipue
1147 2473 1320 2538 Sallustius
1354 2475 1408 2540 in-

263 2575 386 2642 finitivo
412 2575 604 2657 aliquotiens
635 2581 777 2641 utuntur.
825 2575 941 2641 Postea
971 2581 1077 2642 autem
1101 2575 1213 2642 Cicero
1242 2584 1273 2642 et
1304 2579 1408 2644 ceteri

263 2678 468 2764 elegantioris
492 2677 648 2744 sermonis
670 2683 816 2744 auctores
839 2678 894 2743 nbi
916 2678 1052 2762 primum
1082 2678 1309 2762 perpoliendae
1339 2681 1408 2746 lin-

264 2801 348 2866 guae
370 2801 479 2848 curam
496 2780 681 2866 impendere
696 2789 728 2846 et
743 2781 919 2846 secundnm
935 2781 1214 2864 grammaticorum
1230 2793 1409 2868 praecepta

264 2884 393 2968 singula
416 2884 669 2950 enuntiationum
692 2903 812 2967 genera
835 2883 1016 2950 accuratius
1039 2884 1216 2966 disquirere
1237 2893 1269 2949 et
1283 2885 1317 2949 in
1333 2905 1407 2952 cer-

265 2973 331 3052 tum
362 2985 504 3051 ordinem
536 2986 681 3070 redigere
710 2993 902 3070 coeperunt,
934 2987 976 3052 ab
1005 2987 1097 3051 initio
1126 2987 1160 3051 id
1191 2995 1344 3070 egerunt,
1375 2999 1408 3054 nt

265 3089 403 3174 singulis
426 3089 678 3155 enuntiationum
709 3089 880 3174 generibus
908 3089 1055 3174 proprios
1086 3097 1118 3154 et
1147 3089 1408 3174 circumscriptos

265 3193 492 3260 constituerent
513 3194 604 3259 fines.
652 3191 744 3258 Unde
767 3191 886 3258 iactum
910 3199 974 3272 est,
1000 3200 1035 3257 ut
1056 3194 1159 3258 multa
1180 3194 1296 3271 verbo,
1322 3213 1408 3276 qnae
1499 3219 1500 3222 ¹

266 3304 363 3362 autea
385 3317 457 3362 cum
481 3295 636 3360 infinitivo
660 3296 802 3361 eonsuui
825 3294 958 3375 licebat,
985 3295 1049 3360 iam
1072 3294 1113 3358 ad
1136 3294 1269 3360 aliorum
1293 3297 1407 3361 simili-

266 3398 408 3464 tudinem
433 3418 504 3463 cum
528 3397 688 3483 particula
710 3397 819 3480 aliqua
841 3397 1120 3481 coniungerentur.

354 3500 500 3565 Huncin
527 3500 655 3565 modum
685 3500 831 3585 inprimis
853 3501 952 3566 verbu
980 3499 1127 3564 mouendi
1154 3499 1304 3564 derlandi
1330 3523 1408 3564 eno-

266 3605 362 3668 dandi
382 3603 501 3668 similia
524 3602 610 3687 apud
633 3603 834 3669 Cornificium
859 3611 890 3669 et
912 3603 944 3667 in
968 3601 1132 3669 Ciceronis
1158 3601 1199 3668 de
1221 3602 1408 3668 inventione

266 3707 357 3772 libris
380 3706 571 3789 aliquotiens
594 3726 666 3772 cum
689 3705 846 3772 infinitivo
869 3706 1040 3771 coniuncta
1063 3713 1154 3787 sunt,
1188 3723 1259 3770 eum
1281 3705 1316 3769 in
1338 3706 1408 3770 ele-

267 3810 412 3894 gantiore
435 3830 581 3875 sermone
604 3810 708 3875 altera
729 3807 923 3875 constructio
944 3806 1096 3892 apposita
1116 3807 1274 3892 particula
1288 3817 1325 3872 ut
1340 3805 1409 3874 lere

269 3915 339 3979 sola
361 3913 403 3978 sit
425 3912 580 3996 legitima.

356 4015 408 4080 Sic
432 4015 497 4098 legi
522 4020 542 4096 t)
570 4035 694 4079 monem
709 4013 776 4080 Oic.
803 4013 867 4079 inv.
888 4013 929 4092 11,
950 4016 1002 4094 22,
1019 4018 1060 4079 66
1083 4036 1162 4098 quoe
1177 4034 1254 4094 erpo
1265 4012 1409 4095 partem

268 4155 311 4166 --
334 4119 474 4204 effetum
490 4139 673 4182 concerpere
688 4124 828 4186 moneat:
855 4115 910 4181 fin.
933 4121 960 4198 l,
981 4119 1032 4196 20,
1052 4119 1094 4179 66
1116 4115 1199 4180 rotie
1221 4116 1290 4198 ipso
1305 4125 1410 4178 morrei

272 4221 428 4285 omr‘rite'ae
455 4243 638 4303 comparare
670 4218 745 4291 (vid.
771 4239 854 4302 quae
884 4238 982 4304 snpra
1003 4239 1079 4302 pag.
1107 4220 1156 4282 ill
1185 4216 1409 4283 adnotavimus
