2998 4896
529 352 570 360 -
617 313 713 397 [243]
762 352 803 360 -
984 251 991 269 ’
1195 315 1238 380 se

89 503 268 589 μαλώτους
286 503 417 594 ἢγαγεν,
441 499 555 594 ὥσπερ
573 505 844 594 μαντευσάμενος
862 501 923 596 τὴν
944 501 1133 591 ὑπόσχεσιν,
1157 533 1238 592 quae

90 614 259 680 referenda
281 616 431 680 uidentur
453 615 495 680 ad
519 617 686 680 historiam
705 637 774 682 eam
797 638 891 698 quarn
910 621 1020 680 narrat
1038 615 1237 700 Thucydides

92 721 149 796 lv,
167 721 218 786 28.

184 934 235 999 Ad
258 959 291 1020 v..
310 935 388 1001 262:

119 1108 123 1116 =
165 1077 233 1144 Sa
257 1078 297 1160 gl
322 1074 549 1166 Χερρόνησος·
941 1077 1012 1142 Vc:

94 1180 229 1272 Θρᾴκης
272 1181 374 1270 χώρα.
425 1186 482 1251 καί
529 1182 627 1264 πόλις
708 1193 765 1269 τῆς
782 1181 914 1272 θρᾴκης
926 1185 1051 1268 χωρίον
1065 1188 1122 1252 καί
1140 1183 1239 1266 πόλις

94 1283 259 1378 ὑποτείὴς
303 1304 374 1369 τοῖς
419 1284 626 1379 Ἀθηναίοις,
666 1278 668 1395 l
709 1283 872 1377 ὑποτελὴς
922 1298 992 1356 τῶν
1042 1285 1239 1380 Ἀθηναίων,

92 1391 239 1484 cleopae
253 1397 300 1476 είς
316 1406 436 1482 πυρῶν
449 1401 625 1484 γεωργίαν·
665 1402 668 1432 ¹
708 1392 853 1485 εὔφορος
871 1397 917 1476 εἰς
930 1407 1043 1484 πυροῦ
1060 1402 1237 1487 γεωργίαν·

92 1496 179 1570 ὅθεν
220 1507 278 1572 καὶ
322 1503 548 1590 έσιταχυίχυυν
594 1504 627 1572 ol
709 1497 793 1578 ὅθεν
839 1506 895 1572 καί
936 1502 1161 1590 ἐσιταχυίχουν
1206 1505 1240 1574 ol

93 1604 283 1698 Ἀθηναῖοι.
307 1603 374 1690 σός
392 1608 529 1678 Κλέων
548 1609 626 1678 διέ-
665 1612 668 1687 !
711 1605 888 1698 Ἀθηναῖοι.
936 1603 982 1690 ὡς
1022 1610 1239 1700 ίδιοπραχμό·

93 1737 182 1783 σειε.
707 1742 779 1784 νων
804 1718 837 1783 δὲ
867 1721 924 1784 καὶ
951 1717 1098 1784 ἰδιωτῶν
1126 1714 1239 1791 ὄντων

707 1833 777 1890 τῶν
789 1829 1078 1911 Χερσονησιωτῶν
1087 1829 1145 1894 καὶ
1156 1830 1176 1894 δ
1180 1853 1238 1894 ια-

708 1933 887 1999 σείεσθαι
938 1933 1134 2018 δυναμένων
1180 1932 1238 2024 ρᾳ-

664 2032 667 2121 l
708 2040 813 2118 δίως,
833 2036 1001 2123 μάλιστα
1017 2039 1052 2106 δέ
1068 2049 1129 2108 τοῦ
1142 2042 1238 2108 Κλέ-

707 2169 808 2223 ωνος
836 2142 1078 2233 έπηρεόζοντος
1106 2141 1238 2229 αὐτοὺς,

706 2248 839 2318 τούτων
863 2249 1020 2341 ἐμνήσθη.

184 2431 246 2498 Hic
272 2431 386 2498 Suidas
416 2431 582 2498 uerbosanr
610 2431 849 2516 explicationem
875 2433 906 2497 V
906 2436 911 2475 i
919 2435 954 2498 Θἱ
982 2455 1043 2500 non
1071 2434 1179 2518 inopte
1207 2437 1255 2502 in·

94 2537 225 2604 breuius
248 2544 442 2606 contractam
465 2539 602 2606 exhibet.
725 2609 728 2617 ,

184 2645 301 2711 Versus
324 2647 387 2712 397
411 2630 477 2712 398
506 2639 570 2712 κοό
596 2647 772 2732 μεθίστησι
799 2655 862 2712 τοῦ
887 2642 1061 2732 χρώματος
1088 2656 1150 2713 τοῦ
1176 2671 1240 2714 πα-

94 2748 297 2838 ρεστηκότος
324 2775 347 2818 s
374 2754 416 2837 gl.
444 2746 613 2840 Ἑρόθημα
643 2754 696 2818 his
727 2754 923 2837 explicantur
954 2754 1074 2830 uerbis,
1107 2777 1239 2839 quorum

94 2859 211 2924 similis
233 2860 265 2924 in
289 2860 417 2926 scholiis
442 2861 501 2925 Ve
517 2882 581 2926 non
599 2861 760 2944 leguntur:
784 2856 824 2926 τὸ
848 2852 911 2946 γὰρ
933 2854 977 2946 μὴ
1002 2859 1241 2946 incepissent

95 2978 167 3042 τοῖς
190 2964 383 3052 εἰρημένοις.
409 2965 481 3034 ἐπεὶ
505 2959 546 3033 οό
568 2962 765 3051 μεταβάλλει
788 2958 827 3032 τὸ
849 2975 976 3052 χρῶμα,
1001 2960 1063 3042 οὐκ
1087 2965 1238 3056 ἐρυθριᾷ.

186 3073 233 3138 Ad
261 3095 289 3138 v.
313 3073 375 3138 401
412 3074 470 3138 καὶ
502 3074 719 3160 διδασκοίμην
746 3070 930 3161 προσᾴδειν
958 3075 1134 3159 Μορσίμου
1162 3097 1240 3160 τρα-

94 3180 222 3264 γῳδίαν
249 3201 271 3246 s,
296 3179 337 3263 gl
360 3175 532 3264 Μόρσιμος
559 3181 638 3246 haec
665 3180 832 3264 explicatio
860 3181 944 3264 apud
972 3179 1101 3245 Suidarn
1129 3181 1241 3246 addita

95 3293 158 3352 est:
181 3285 364 3366 τουτέστιν,
388 3286 617 3372 ίκβαίλοίμην,
641 3289 697 3351 καὶ
721 3289 935 3373 συριττοίμην
959 3279 1004 3363 ὡς
1028 3285 1162 3366 ἐκεῖνος.

187 3393 234 3459 Ad
256 3417 283 3458 v.
307 3393 373 3458 524
400 3385 470 3458 Οὐκ
494 3390 649 3480 ίξήρκησε
670 3395 941 3477 interpretationis
960 3415 1054 3460 causa
1072 3393 1150 3460 haec
1172 3395 1240 3459 adi-

95 3501 235 3565 ciuntur:
259 3491 322 3565 οόκ
346 3491 483 3584 ἀντέσχε
506 3492 590 3584 πρός
613 3494 693 3578 τοὺς
716 3497 863 3584 τρόπους
887 3493 990 3585 ὑμῶν.

189 3607 234 3670 Ad
258 3629 285 3671 v.
311 3607 376 3672 848
400 3629 424 3672 s.
448 3607 489 3689 gl.
514 3603 657 3690 Πόρπαξ
679 3629 716 3672 ex
735 3607 851 3673 Suidae
870 3608 1089 3672 adnotatione:
1112 3599 1240 3672 Ἀνετί-

95 3717 205 3778 θεσαν
226 3705 288 3798 γὰρ
310 3705 353 3776 τὰ
378 3711 415 3780 ἐκ
438 3719 509 3778 τῶν
531 3713 690 3796 πολέμων
715 3705 803 3780 όπία
832 3706 913 3779 ἄνευ
930 3705 1091 3795 Ιόχόνων,
1120 3711 1174 3777 ἵνα
1196 3704 1240 3798 μὴ

97 3813 236 3902 ἑτοίμως
269 3813 383 3896 αὐτοῖς
416 3814 514 3903 έχωσι
549 3825 694 3906 χρῆσθαι
732 3817 918 3884 Duebnerus
956 3815 1095 3904 ἑτοίμως
1131 3839 1241 3884 uocem

96 3925 225 3992 scholiis
252 3926 399 3992 Verere
422 3928 571 3992 restituit.

188 4031 328 4117 Denique
355 4033 398 4098 ad
425 4055 451 4096 v.
480 4035 500 4098 9
533 4056 555 4100 s.
589 4035 629 4118 gl.
662 4031 854 4104 Ξυναυίίαν
886 4029 1102 4118 πενθήσομεν
1139 4032 1180 4096 ed
1204 4053 1242 4096 ea

98 4138 224 4217 scholis,
256 4161 337 4225 qnae
368 4141 517 4224 leguntur
549 4142 580 4204 in
609 4140 769 4206 codicibus
799 4140 857 4205 Ve
884 4143 923 4206 de
947 4140 1080 4223 Olprnpo
1103 4139 1240 4214 tibicine,

99 4267 137 4310 ex
160 4245 257 4314 Suids
280 4249 455 4335 supplenda
473 4254 546 4314 sunt
564 4248 663 4314 uerba
686 4237 786 4326 οὗτος
811 4248 845 4312 δὲ
870 4239 888 4313 ὁ
908 4241 1071 4330 Ὄλυμπος
1094 4245 1130 4311 έν
1153 4247 1240 4328 Φρυ-

99 4355 153 4442 γίᾳ
176 4348 253 4432 τούς
276 4347 475 4442 αὐλητικυύς
498 4351 623 4440 νόμους
647 4354 761 4421 ἐποίει.

1046 4461 1080 4512 7¹·
