3010 4896
548 363 588 373 -
638 327 733 410 [159]
783 364 826 374 -
1221 329 1261 392 15

110 520 218 584 adhuc
246 523 421 586 extantium
454 521 541 585 uulio
569 520 686 586 Suidae
714 521 947 605 Aristophanes
978 521 1104 588 fluxisse
1137 528 1263 607 queant,

112 628 144 692 id
175 629 283 712 petius
311 630 342 692 iu
367 629 582 710 quaestionem
609 633 740 693 uocetur
767 634 907 711 oportet,
934 630 984 694 cui
1013 629 1111 695 codici
1138 631 1191 696 uel
1214 634 1263 696 cui

110 737 257 799 codicum
290 736 395 819 generi
424 733 538 800 Suidas
571 735 741 800 consimilis
770 737 956 820 reperiatur.
1004 735 1065 801 Sed
1094 743 1263 820 antequam

112 841 177 905 hec
205 842 440 925 aggrediamur,
473 841 626 906 afferendi
656 849 729 907 suut
757 845 786 906 ei
814 843 874 907 ioci
903 865 941 907 ex
969 843 1120 926 Eqmtum
1147 843 1264 922 fabula,

112 970 249 1032 quorum
277 956 443 1032 corruptae
466 949 617 1014 lectiones
636 948 844 1031 omnibusque
863 950 980 1016 nostris
998 949 1158 1016 codicibus
1180 971 1263 1016 eom-

112 1077 224 1120 muues
245 1077 284 1120 ne
299 1078 319 1120 a
332 1055 449 1120 Suidae
464 1057 592 1138 quidem
608 1057 714 1120 (codice
730 1055 952 1138 Aristophanis
966 1056 1122 1122 afuerunt.
1151 1056 1263 1141 Itaque

203 1185 230 1226 v.
252 1163 295 1227 89
314 1158 684 1248 κρουνοχυτρολήραιον
706 1157 737 1226 εί
753 1160 1264 1250 S(uidas)-R-V-M-AA61’¹)-P‚

111 1271 252 1334 (arrexit
274 1272 677 1356 κροννοχοτροληραιονει
696 1267 731 1332 Α.
752 1267 977 1334 Reifferscheid
998 1272 1030 1333 in
1053 1271 1157 1335 indice
1174 1271 1263 1335 lecti-

111 1397 209 1441 onum
233 1375 530 1441 b'ratislauiensium
553 1397 580 1440 a
608 1375 755 1459 1869170.
780 1397 830 1460 pg.
854 1376 883 1440 5.

204 1507 231 1547 v.
254 1483 316 1546 159
347 1474 533 1569 Ἀθηναίων
557 1481 578 1547 S
598 1503 669 1546 cum
692 1503 776 1560 mss,
804 1489 906 1547 metro
929 1485 1086 1549 consuluit
1108 1483 1265 1568 Bergkius

111 1590 283 1656 scribendo
313 1581 527 1676 iddpvc‘offl).
1233 1591 1235 1596 ’

205 1717 231 1760 s.
260 1696 321 1762 196
349 1688 525 1780 ᾐνιγμένος
547 1702 633 1760 recte
656 1696 783 1760 uidetur
806 1695 1021 1783 Meiuekius³)
1051 1696 1083 1760 in
1107 1687 1265 1780 ᾐνιγμένα

112 1804 308 1868 emendasse.

205 1933 232 1975 v.
257 1909 322 1974 262
347 1901 515 1990 διαβαλῶν
539 1910 675 1974 correxit
700 1908 903 1974 Casaubouus
927 1910 958 1972 iu
984 1901 1163 1989 διαλαβών,
1250 1994 1254 2000 ⁴

206 2039 234 2080 v.
260 2017 325 2080 2ῖο
348 2011 640 2096 ἐκκοβαλικεύεται
664 2013 802 2098 Toupius
826 2017 858 2078 in
882 2007 1210 2096 κάκκοβαλικεύεται.

204 2146 233 2189 v.
257 2124 322 2188 276
350 2145 407 2208 pre
434 2119 592 2209 τήνελλος
624 2117 669 2201 εί,
701 2144 889 2206 quamquam
923 2123 1040 2206 legitur
1071 2123 1123 2187 hie
1155 2145 1265 2188 uersus

113 2232 200 2314 apud
227 2229 356 2294 Suidam
380 2253 402 2295 s.
422 2229 463 2313 gl.
492 2225 647 2316 Τήνελλα,
672 2229 809 2294 Kockius
832 2224 974 2316 τήνελλά
999 2246 1052 2294 οοι
1074 2229 1224 2294 restituit

207 2359 234 2400 v.
259 2337 324 2402 290
353 2329 547 2418 ἀλαζονείας
579 2337 718 2402 correxit
749 2337 952 2421 Elmsleius⁴)
986 2337 1018 2400 in
1050 2327 1265 2417 ἀλαζονείαις,

114 2445 202 2529 quod
226 2442 395 2526 probatum
419 2451 467 2508 est
490 2443 672 2508 editoribus.

208 2573 234 2614 r.
254 2551 319 2614 326
343 2541 491 2635 ἀμέλγεις
509 2541 655 2634 (ἀμέλγει
675 2550 716 2634 R)
735 2552 872 2614 correxit
890 2550 1026 2615 Bothius
1049 2549 1082 2613 iu
1106 2541 1264 2634 ἀμέργεις.

208 2681 233 2722 v.
252 2659 319 2722 360
342 2679 399 2742 pro
424 2652 621 2742 ἐκροφήσεις
639 2656 807 2721 Elmsleius
828 2657 997 2721 mediatem
1020 2657 1152 2720 formam
1172 2653 1265 2741 ἐκρο-

114 2761 216 2852 φήσει
241 2763 446 2847 Aristophani
470 2764 618 2828 restituit.

207 2894 235 2936 v.
258 2872 324 2936 418
348 2871 439 2935 utin
464 2871 611 2935 omuibus
635 2870 751 2934 uostris
774 2869 934 2934 codicibus
959 2872 1005 2934 sic
1026 2870 1112 2954 apud
1136 2869 1266 2935 Suidam

115 2981 237 3062 iegitur
259 2977 367 3062 λέγων
391 2975 556 3042 deficiente
580 2977 661 3040 thesi
690 2977 779 3059 pedis
803 2977 905 3058 quinti
932 2978 1112 3042 tetrametri
1139 2975 1266 3040 iambici

114 3086 311 3160 ‹atalcctioi‚
339 3105 434 3167 quam
462 3084 611 3148 librarius
640 3083 756 3148 codicis
780 3081 805 3146 O
829 3082 974 3169 (Suidae)
998 3091 1031 3149 et
1054 3105 1112 3149 see
1136 3104 1217 3148 man.
1242 3083 1267 3146 Δ

114 3195 165 3258 ita
191 3213 342 3274 reparare
368 3191 571 3266 studuerunt,
604 3197 638 3254 ut
665 3197 820 3272 ponerent
848 3187 1025 3274 ἐπιλέγων,
1057 3190 1141 3273 quod
1169 3190 1267 3254 miror

115 3297 284 3364 Dindorfio
322 3297 491 3381 probatum
523 3318 604 3366 esses
641 3289 683 3360 ἀν
715 3298 842 3362 addidit
874 3297 1110 3382 Bernhardyus,
1147 3297 1268 3380 recepit

116 3406 285 3482 b'elscuus3
311 3406 439 3470 uidetur
460 3411 567 3468 tamen
589 3402 697 3487 λέγων
720 3403 874 3487 glossema
896 3425 963 3469 esse
988 3427 1045 3488 pro
1068 3404 1267 3468 inusitatiore

115 3513 256 3598 quadam
280 3511 406 3576 dicendi
430 3510 604 3597 notiouc5).

208 3641 235 3683 v.
248 3619 312 3682 628
329 3617 478 3702 ἐρείδων,
492 3617 577 3701 quod
592 3619 793 3701 praecedeuti
806 3611 917 3704 ἤρειδε
932 3618 1076 3694 debetur,
1090 3617 1267 3682 Brunckius

116 3729 149 3790 in
174 3724 323 3811 ἐρείπων
344 3725 482 3790 correxit
491 3724 526 3810 6).
840 3729 844 3732 ’

192 3941 214 4004 ¹)
232 3931 543 4008 κροννοχντρολήραιος
562 3930 588 3992 εί
606 3953 661 3992 sec.
683 3938 714 3999 Θ,
734 3951 788 3991 sec.
811 3937 841 3992 Γ.

190 4021 347 4095 *rdtwein
365 4027 509 4081 Dswcsius
528 4025 646 4081 Miscell.
667 4043 710 4095 pg.
730 4027 791 4080 245.

191 4115 332 4178 ¹)Vindd.
353 4115 486 4185 Aristoph
514 4133 558 4184 pg.
577 4117 620 4170 53.

192 4207 216 4269 ⁴)
234 4205 269 4258 cd
288 4205 371 4274 Soph.
391 4203 422 4258 0.
443 4205 471 4259 G.
490 4219 535 4272 pg.
555 4205 615 4259 287.

192 4293 216 4352 ⁸)
234 4309 268 4346 an
288 4296 450 4363 λογοποιῶν
470 4293 643 4348 scribendum
663 4295 723 4348 est?

193 4382 216 4446 ⁶)
236 4379 336 4452 ἐρίζων
354 4381 497 4444 Κιιείετοε,
518 4377 645 4450 έρεύγον
663 4381 850 4446 Τίιίεεεοίιίοε,
871 4379 993 4450 έρείκων
1012 4383 1156 4452 Bergkius.
