<?xml version="1.0" encoding="UTF-8"?>
<!DOCTYPE html PUBLIC "-//W3C//DTD XHTML 1.0 Transitional//EN"
    "http://www.w3.org/TR/xhtml1/DTD/xhtml1-transitional.dtd">
<html xmlns="http://www.w3.org/1999/xhtml" xml:lang="en" lang="en">
 <head>
  <title>
</title>
<meta http-equiv="Content-Type" content="text/html;charset=utf-8" />
  <meta name='ocr-system' content='tesseract 3.04.00' />
  <meta name='ocr-capabilities' content='ocr_page ocr_carea ocr_par ocr_line ocrx_word'/>
</head>
<body>
  <div class='ocr_page' id='page_1' title='image "./dissertationesp02unkngoog/dissertationesp02unkngoog_0716.png"; bbox 0 0 2982 4884; ppageno 0'>
   <div class='ocr_carea' id='block_1_1' title="bbox 527 381 1226 462">
    <p class='ocr_par' dir='ltr' id='par_1_1' title="bbox 527 381 1226 462">
     <span class='ocr_line' id='line_1_1' title="bbox 527 381 1226 462; baseline 0.001 -19"><span class='ocrx_word' id='word_1_1' title='bbox 527 415 571 426; x_wconf 89' lang='lat'>-</span> <span class='ocrx_word' id='word_1_2' title='bbox 619 381 703 462; x_wconf 75' lang='lat' dir='ltr'>[nus]</span> <span class='ocrx_word' id='word_1_3' title='bbox 749 415 794 426; x_wconf 91' lang='lat'><em>-</em></span> <span class='ocrx_word' id='word_1_4' title='bbox 1166 383 1226 444; x_wconf 85' lang='lat' dir='ltr'><strong><em>tlt</em></strong></span> 
     </span>
    </p>
   </div>
   <div class='ocr_carea' id='block_1_2' title="bbox 86 559 1237 4168">
    <p class='ocr_par' dir='ltr' id='par_1_2' title="bbox 86 559 1237 4168">
     <span class='ocr_line' id='line_1_2' title="bbox 89 559 1230 652; baseline 0.008 -26"><span class='ocrx_word' id='word_1_5' title='bbox 89 570 139 649; x_wconf 79' lang='grc' dir='ltr'><strong><em>πη</em></strong></span> <span class='ocrx_word' id='word_1_6' title='bbox 162 563 226 645; x_wconf 80' lang='grc' dir='ltr'><strong><em>μὲν</em></strong></span> <span class='ocrx_word' id='word_1_7' title='bbox 241 559 358 646; x_wconf 78' lang='grc' dir='ltr'><strong><em>ὅμοιος</em></strong></span> <span class='ocrx_word' id='word_1_8' title='bbox 376 559 575 649; x_wconf 79' lang='grc' dir='ltr'><strong><em>Ἡροδότου,</em></strong></span> <span class='ocrx_word' id='word_1_9' title='bbox 601 573 649 652; x_wconf 81' lang='grc' dir='ltr'><strong><em>πῆ</em></strong></span> <span class='ocrx_word' id='word_1_10' title='bbox 674 560 706 631; x_wconf 86' lang='lat' dir='ltr'><strong><em>d’</em></strong></span> <span class='ocrx_word' id='word_1_11' title='bbox 726 565 969 651; x_wconf 72' lang='grc' dir='ltr'><strong><em>ἐνδεέστεροςῇ</em></strong></span> <span class='ocrx_word' id='word_1_12' title='bbox 995 567 1230 635; x_wconf 79' lang='lat' dir='ltr'>Herwerdenus</span> 
     </span>
     <span class='ocr_line' id='line_1_3' title="bbox 89 662 1230 755; baseline 0.005 -23"><span class='ocrx_word' id='word_1_13' title='bbox 89 666 193 732; x_wconf 76' lang='lat' dir='ltr'>edidit</span> <span class='ocrx_word' id='word_1_14' title='bbox 211 674 259 753; x_wconf 77' lang='grc' dir='ltr'><strong><em>τῷ</em></strong></span> <span class='ocrx_word' id='word_1_15' title='bbox 277 662 476 752; x_wconf 71' lang='grc' dir='ltr'><strong><em>Ἡροδότου.</em></strong></span> <span class='ocrx_word' id='word_1_16' title='bbox 516 671 558 735; x_wconf 87' lang='lat' dir='ltr'>At</span> <span class='ocrx_word' id='word_1_17' title='bbox 575 664 691 752; x_wconf 83' lang='grc' dir='ltr'><strong><em>ὅμοιος</em></strong></span> <span class='ocrx_word' id='word_1_18' title='bbox 710 663 899 753; x_wconf 73' lang='grc' dir='ltr'><em>Ἡροδότου</em></span> <span class='ocrx_word' id='word_1_19' title='bbox 922 678 1008 736; x_wconf 81' lang='lat' dir='ltr'>cerlo</span> <span class='ocrx_word' id='word_1_20' title='bbox 1024 671 1164 755; x_wconf 79' lang='lat' dir='ltr'>genuina</span> <span class='ocrx_word' id='word_1_21' title='bbox 1181 679 1230 738; x_wconf 84' lang='lat' dir='ltr'>est</span> 
     </span>
     <span class='ocr_line' id='line_1_4' title="bbox 89 767 1229 859; baseline 0.006 -25"><span class='ocrx_word' id='word_1_22' title='bbox 89 770 203 838; x_wconf 85' lang='lat' dir='ltr'>lentio:</span> <span class='ocrx_word' id='word_1_23' title='bbox 230 791 334 854; x_wconf 83' lang='lat' dir='ltr'>neque</span> <span class='ocrx_word' id='word_1_24' title='bbox 356 773 440 838; x_wconf 83' lang='lat' dir='ltr'>enim</span> <span class='ocrx_word' id='word_1_25' title='bbox 463 767 583 855; x_wconf 76' lang='grc' dir='ltr'><strong><em>ὅμοιός</em></strong></span> <span class='ocrx_word' id='word_1_26' title='bbox 605 797 697 850; x_wconf 89' lang='grc' dir='ltr'><strong><em>τινος</em></strong></span> <span class='ocrx_word' id='word_1_27' title='bbox 718 771 864 838; x_wconf 83' lang='lat' dir='ltr'>inaudite</span> <span class='ocrx_word' id='word_1_28' title='bbox 887 780 937 838; x_wconf 87' lang='lat' dir='ltr'>est</span> <span class='ocrx_word' id='word_1_29' title='bbox 953 783 1229 859; x_wconf 78' lang='lat' dir='ltr'>structure-neque</span> 
     </span>
     <span class='ocr_line' id='line_1_5' title="bbox 88 871 1230 963; baseline 0.004 -26"><span class='ocrx_word' id='word_1_30' title='bbox 88 871 221 940; x_wconf 76' lang='lat' dir='ltr'>dicendi</span> <span class='ocrx_word' id='word_1_31' title='bbox 244 875 382 953; x_wconf 80' lang='lat' dir='ltr'>lieentia,</span> <span class='ocrx_word' id='word_1_32' title='bbox 409 896 505 959; x_wconf 83' lang='lat' dir='ltr'>qnam</span> <span class='ocrx_word' id='word_1_33' title='bbox 521 877 757 942; x_wconf 88' lang='lat' dir='ltr'>Herwerdenus</span> <span class='ocrx_word' id='word_1_34' title='bbox 780 877 943 960; x_wconf 80' lang='lat' dir='ltr'>expellere</span> <span class='ocrx_word' id='word_1_35' title='bbox 965 878 1044 961; x_wconf 70' lang='lat' dir='ltr'>vult,</span> <span class='ocrx_word' id='word_1_36' title='bbox 1071 877 1230 963; x_wconf 84' lang='lat' dir='ltr'>sDiuny-</span> 
     </span>
     <span class='ocr_line' id='line_1_6' title="bbox 88 973 1231 1067; baseline 0.004 -27"><span class='ocrx_word' id='word_1_37' title='bbox 88 977 139 1041; x_wconf 87' lang='lat' dir='ltr'><strong><em>sio</em></strong></span> <span class='ocrx_word' id='word_1_38' title='bbox 165 977 275 1042; x_wconf 76' lang='lat' dir='ltr'>alienu</span> <span class='ocrx_word' id='word_1_39' title='bbox 304 987 369 1054; x_wconf 71' lang='lat' dir='ltr'>est:</span> <span class='ocrx_word' id='word_1_40' title='bbox 401 979 443 1044; x_wconf 82' lang='lat' dir='ltr'><strong><em>cf.</em></strong></span> <span class='ocrx_word' id='word_1_41' title='bbox 468 979 630 1065; x_wconf 87' lang='lat' dir='ltr'>Theophr.</span> <span class='ocrx_word' id='word_1_42' title='bbox 660 979 702 1044; x_wconf 88' lang='lat' dir='ltr'><strong><em>H.</em></strong></span> <span class='ocrx_word' id='word_1_43' title='bbox 727 981 763 1045; x_wconf 93' lang='lat' dir='ltr'><strong><em>P.</em></strong></span> <span class='ocrx_word' id='word_1_44' title='bbox 789 981 838 1045; x_wconf 89' lang='lat' dir='ltr'><strong><em>IX</em></strong></span> <span class='ocrx_word' id='word_1_45' title='bbox 864 985 929 1044; x_wconf 88' lang='lat' dir='ltr'><strong><em>lln</em></strong></span> <span class='ocrx_word' id='word_1_46' title='bbox 963 973 980 1067; x_wconf 79' lang='grc' dir='ltr'>ἡ</span> <span class='ocrx_word' id='word_1_47' title='bbox 1009 981 1045 1045; x_wconf 80' lang='grc' dir='ltr'><strong><em>δὲ</em></strong></span> <span class='ocrx_word' id='word_1_48' title='bbox 1077 976 1231 1066; x_wconf 87' lang='grc' dir='ltr'><strong><em>άκαρπος</em></strong></span> 
     </span>
     <span class='ocr_line' id='line_1_7' title="bbox 88 1075 1231 1170; baseline 0.006 -29"><span class='ocrx_word' id='word_1_49' title='bbox 88 1076 161 1158; x_wconf 72' lang='grc' dir='ltr'><strong><em>ἔχει</em></strong></span> <span class='ocrx_word' id='word_1_50' title='bbox 176 1076 215 1143; x_wconf 86' lang='grc' dir='ltr'><strong><em>τό</em></strong></span> <span class='ocrx_word' id='word_1_51' title='bbox 233 1077 363 1165; x_wconf 74' lang='grc' dir='ltr'><strong><em>(μάλλον</em></strong></span> <span class='ocrx_word' id='word_1_52' title='bbox 379 1075 498 1163; x_wconf 79' lang='grc' dir='ltr'><strong><em>ὅμοιον</em></strong></span> <span class='ocrx_word' id='word_1_53' title='bbox 512 1082 714 1170; x_wconf 72' lang='grc' dir='ltr'><strong><em>θριδακίνης</em></strong></span> <span class='ocrx_word' id='word_1_54' title='bbox 729 1090 787 1170; x_wconf 77' lang='grc' dir='ltr'><strong><em>της</em></strong></span> <span class='ocrx_word' id='word_1_55' title='bbox 802 1089 938 1168; x_wconf 84' lang='grc' dir='ltr'><strong><em>πικράς.</em></strong></span> <span class='ocrx_word' id='word_1_56' title='bbox 978 1084 1073 1148; x_wconf 88' lang='lat' dir='ltr'>Dion.</span> <span class='ocrx_word' id='word_1_57' title='bbox 1092 1105 1124 1169; x_wconf 89' lang='lat' dir='ltr'><strong><em>p.</em></strong></span> <span class='ocrx_word' id='word_1_58' title='bbox 1140 1088 1231 1148; x_wconf 82' lang='grc' dir='ltr'><strong><em>64οω</em></strong></span> 
     </span>
     <span class='ocr_line' id='line_1_8' title="bbox 87 1179 1232 1272; baseline 0.006 -28"><span class='ocrx_word' id='word_1_59' title='bbox 87 1180 170 1258; x_wconf 74' lang='grc' dir='ltr'><strong><em>τοὺς</em></strong></span> <span class='ocrx_word' id='word_1_60' title='bbox 180 1187 319 1248; x_wconf 81' lang='grc' dir='ltr'><em>Λυσίου</em></span> <span class='ocrx_word' id='word_1_61' title='bbox 334 1186 596 1272; x_wconf 77' lang='grc' dir='ltr'><strong><em>παραπλησίους</em></strong></span> <span class='ocrx_word' id='word_1_62' title='bbox 612 1182 743 1270; x_wconf 83' lang='grc' dir='ltr'><strong><em>λόγους.</em></strong></span> <span class='ocrx_word' id='word_1_63' title='bbox 776 1188 853 1250; x_wconf 72' lang='grc'>7863</span> <span class='ocrx_word' id='word_1_64' title='bbox 870 1179 887 1248; x_wconf 83' lang='grc' dir='ltr'><strong><em>ά</em></strong></span> <span class='ocrx_word' id='word_1_65' title='bbox 905 1181 1054 1262; x_wconf 73' lang='grc' dir='ltr'><strong><em>λεκτικὸς</em></strong></span> <span class='ocrx_word' id='word_1_66' title='bbox 1075 1188 1129 1269; x_wconf 82' lang='grc' dir='ltr'><strong><em>(ευ.</em></strong></span> <span class='ocrx_word' id='word_1_67' title='bbox 1147 1188 1232 1251; x_wconf 85' lang='grc' dir='ltr'><strong><em>Θεο-</em></strong></span> 
     </span>
     <span class='ocr_line' id='line_1_9' title="bbox 88 1282 1232 1374; baseline 0.007 -28"><span class='ocrx_word' id='word_1_68' title='bbox 88 1282 238 1367; x_wconf 89' lang='grc' dir='ltr'><strong><em>πόμπου</em></strong></span> <span class='ocrx_word' id='word_1_69' title='bbox 259 1286 439 1374; x_wconf 71' lang='grc' dir='ltr'><strong><em>χαρακτὴρ)</em></strong></span> <span class='ocrx_word' id='word_1_70' title='bbox 463 1283 646 1372; x_wconf 80' lang='grc' dir='ltr'><strong><em>Ἰσοκράτει</em></strong></span> <span class='ocrx_word' id='word_1_71' title='bbox 676 1287 822 1371; x_wconf 91' lang='grc' dir='ltr'><strong><em>μάλιστα</em></strong></span> <span class='ocrx_word' id='word_1_72' title='bbox 846 1287 965 1354; x_wconf 82' lang='grc' dir='ltr'><strong><em>ἐὀικεν.</em></strong></span> <span class='ocrx_word' id='word_1_73' title='bbox 997 1327 1042 1338; x_wconf 92' lang='grc'>-</span> <span class='ocrx_word' id='word_1_74' title='bbox 1071 1291 1107 1355; x_wconf 91' lang='grc' dir='ltr'><strong><em>Ρ.</em></strong></span> <span class='ocrx_word' id='word_1_75' title='bbox 1126 1293 1232 1354; x_wconf 69' lang='lat' dir='ltr'>tutus</span> 
     </span>
     <span class='ocr_line' id='line_1_10' title="bbox 90 1382 1232 1480; baseline 0.004 -28"><span class='ocrx_word' id='word_1_76' title='bbox 90 1382 211 1454; x_wconf 77' lang='grc' dir='ltr'><strong><em>ὁπόσα</em></strong></span> <span class='ocrx_word' id='word_1_77' title='bbox 244 1415 277 1456; x_wconf 84' lang='grc' dir='ltr'><strong><em>τε</em></strong></span> <span class='ocrx_word' id='word_1_78' title='bbox 308 1396 458 1476; x_wconf 75' lang='grc' dir='ltr'><strong><em>γίγνεται</em></strong></span> <span class='ocrx_word' id='word_1_79' title='bbox 468 1395 486 1475; x_wconf 77' lang='lat'><strong><em>¹)</em></strong></span> <span class='ocrx_word' id='word_1_80' title='bbox 522 1391 707 1477; x_wconf 78' lang='grc' dir='ltr'><strong><em>πράγματα</em></strong></span> <span class='ocrx_word' id='word_1_81' title='bbox 741 1387 815 1458; x_wconf 79' lang='grc' dir='ltr'><strong><em>ἀντὶ</em></strong></span> <span class='ocrx_word' id='word_1_82' title='bbox 846 1390 1013 1474; x_wconf 90' lang='grc' dir='ltr'><strong><em>σωμάτων</em></strong></span> <span class='ocrx_word' id='word_1_83' title='bbox 1045 1387 1062 1480; x_wconf 75' lang='grc' dir='ltr'>ἢ</span> <span class='ocrx_word' id='word_1_84' title='bbox 1094 1391 1232 1476; x_wconf 89' lang='grc' dir='ltr'><strong><em>σώματα</em></strong></span> 
     </span>
     <span class='ocr_line' id='line_1_11' title="bbox 89 1487 1234 1584; baseline 0.005 -28"><span class='ocrx_word' id='word_1_85' title='bbox 89 1487 169 1558; x_wconf 77' lang='grc' dir='ltr'><strong><em>ἀντὶ</em></strong></span> <span class='ocrx_word' id='word_1_86' title='bbox 193 1493 405 1579; x_wconf 73' lang='grc' dir='ltr'><strong><em>πραγμάτων</em></strong></span> <span class='ocrx_word' id='word_1_87' title='bbox 426 1497 483 1560; x_wconf 77' lang='grc' dir='ltr'><strong><em>καὶ</em></strong></span> <span class='ocrx_word' id='word_1_88' title='bbox 506 1491 564 1581; x_wconf 76' lang='grc' dir='ltr'><strong><em>ἐφ’</em></strong></span> <span class='ocrx_word' id='word_1_89' title='bbox 583 1487 629 1561; x_wconf 88' lang='grc' dir='ltr'><strong><em>ών</em></strong></span> <span class='ocrx_word' id='word_1_90' title='bbox 652 1493 902 1582; x_wconf 67' lang='grc' dir='ltr'><strong><em>ἐνθυμημάτων</em></strong></span> <span class='ocrx_word' id='word_1_91' title='bbox 924 1520 959 1560; x_wconf 88' lang='grc' dir='ltr'><strong><em>τε</em></strong></span> <span class='ocrx_word' id='word_1_92' title='bbox 983 1497 1038 1561; x_wconf 78' lang='grc' dir='ltr'><strong><em>καὶ</em></strong></span> <span class='ocrx_word' id='word_1_93' title='bbox 1054 1495 1234 1584; x_wconf 80' lang='grc' dir='ltr'><strong><em>νοημάτων</em></strong></span> 
     </span>
     <span class='ocr_line' id='line_1_12' title="bbox 89 1595 1235 1686; baseline 0.004 -26"><span class='ocrx_word' id='word_1_94' title='bbox 89 1595 125 1660; x_wconf 81' lang='grc' dir='ltr'><strong><em>αἱ</em></strong></span> <span class='ocrx_word' id='word_1_95' title='bbox 150 1595 280 1678; x_wconf 83' lang='grc' dir='ltr'><strong><em>μεταξὺ</em></strong></span> <span class='ocrx_word' id='word_1_96' title='bbox 302 1596 563 1682; x_wconf 76' lang='grc' dir='ltr'><strong><em>παρεμπτώσεις</em></strong></span> <span class='ocrx_word' id='word_1_97' title='bbox 586 1599 711 1664; x_wconf 83' lang='grc' dir='ltr'><strong><em>πολλαὶ</em></strong></span> <span class='ocrx_word' id='word_1_98' title='bbox 736 1597 909 1683; x_wconf 80' lang='grc' dir='ltr'><strong><em>γινόμεναι</em></strong></span> <span class='ocrx_word' id='word_1_99' title='bbox 941 1597 998 1664; x_wconf 79' lang='grc' dir='ltr'><strong><em>διὰ</em></strong></span> <span class='ocrx_word' id='word_1_100' title='bbox 1020 1607 1152 1682; x_wconf 81' lang='grc' dir='ltr'><strong><em>μακροῦ</em></strong></span> <span class='ocrx_word' id='word_1_101' title='bbox 1173 1597 1235 1686; x_wconf 76' lang='grc' dir='ltr'><strong><em>τὴν</em></strong></span> 
     </span>
     <span class='ocr_line' id='line_1_13' title="bbox 88 1692 1233 1788; baseline 0.005 -27"><span class='ocrx_word' id='word_1_102' title='bbox 88 1692 305 1766; x_wconf 77' lang='grc' dir='ltr'><strong><em>ἀκολουθίαν</em></strong></span> <span class='ocrx_word' id='word_1_103' title='bbox 327 1701 534 1783; x_wconf 79' lang='grc' dir='ltr'><strong><em>κομίζονται.</em></strong></span> <span class='ocrx_word' id='word_1_104' title='bbox 583 1703 659 1767; x_wconf 81' lang='lat' dir='ltr'>Post</span> <span class='ocrx_word' id='word_1_105' title='bbox 681 1699 931 1788; x_wconf 76' lang='grc' dir='ltr'><strong><em>ἐνθυμημάτων</em></strong></span> <span class='ocrx_word' id='word_1_106' title='bbox 953 1703 1061 1768; x_wconf 87' lang='lat' dir='ltr'>omisit</span> <span class='ocrx_word' id='word_1_107' title='bbox 1082 1703 1233 1769; x_wconf 83' lang='lat' dir='ltr'>Herwer-</span> 
     </span>
     <span class='ocr_line' id='line_1_14' title="bbox 88 1802 1233 1892; baseline 0.003 -25"><span class='ocrx_word' id='word_1_108' title='bbox 88 1802 199 1868; x_wconf 87' lang='lat' dir='ltr'>denus</span> <span class='ocrx_word' id='word_1_109' title='bbox 224 1804 560 1888; x_wconf 73' lang='lat' dir='ltr'>„interpretamentum</span> <span class='ocrx_word' id='word_1_110' title='bbox 583 1829 618 1870; x_wconf 79' lang='grc' dir='ltr'><strong><em>τι</em></strong></span> <span class='ocrx_word' id='word_1_111' title='bbox 642 1807 697 1869; x_wconf 81' lang='grc' dir='ltr'><strong><em>καὶ</em></strong></span> <span class='ocrx_word' id='word_1_112' title='bbox 720 1804 900 1892; x_wconf 85' lang='grc' dir='ltr'><strong><em>νοημάτων</em></strong></span> <span class='ocrx_word' id='word_1_113' title='bbox 926 1805 1011 1888; x_wconf 87' lang='lat' dir='ltr'>quud</span> <span class='ocrx_word' id='word_1_114' title='bbox 1033 1816 1118 1872; x_wconf 86' lang='lat' dir='ltr'>reete</span> <span class='ocrx_word' id='word_1_115' title='bbox 1141 1806 1233 1870; x_wconf 84' lang='lat' dir='ltr'>abest</span> 
     </span>
     <span class='ocr_line' id='line_1_15' title="bbox 89 1907 1235 1994; baseline 0.001 -23"><span class='ocrx_word' id='word_1_116' title='bbox 89 1907 208 1972; x_wconf 79' lang='lat' dir='ltr'>alueo</span> <span class='ocrx_word' id='word_1_117' title='bbox 230 1907 380 1973; x_wconf 82' lang='lat' dir='ltr'>laudnt0“</span> <span class='ocrx_word' id='word_1_118' title='bbox 404 1908 444 1974; x_wconf 89' lang='lat' dir='ltr'><strong><em>de</em></strong></span> <span class='ocrx_word' id='word_1_119' title='bbox 467 1909 567 1974; x_wconf 81' lang='lat' dir='ltr'>Thue.</span> <span class='ocrx_word' id='word_1_120' title='bbox 593 1909 661 1973; x_wconf 92' lang='lat' dir='ltr'>iud.</span> <span class='ocrx_word' id='word_1_121' title='bbox 686 1929 719 1994; x_wconf 90' lang='lat' dir='ltr'><strong><em>p.</em></strong></span> <span class='ocrx_word' id='word_1_122' title='bbox 740 1911 847 1990; x_wconf 79' lang='lat' dir='ltr'>868n,</span> <span class='ocrx_word' id='word_1_123' title='bbox 874 1909 960 1974; x_wconf 87' lang='lat' dir='ltr'>unde</span> <span class='ocrx_word' id='word_1_124' title='bbox 990 1909 1070 1974; x_wconf 74' lang='lat' dir='ltr'>haee</span> <span class='ocrx_word' id='word_1_125' title='bbox 1097 1909 1235 1994; x_wconf 84' lang='lat' dir='ltr'>repetite</span> 
     </span>
     <span class='ocr_line' id='line_1_16' title="bbox 89 2011 1234 2098; baseline 0.002 -22"><span class='ocrx_word' id='word_1_126' title='bbox 89 2017 182 2076; x_wconf 85' lang='lat' dir='ltr'>sunt.</span> <span class='ocrx_word' id='word_1_127' title='bbox 229 2011 333 2077; x_wconf 85' lang='lat' dir='ltr'>Huius</span> <span class='ocrx_word' id='word_1_128' title='bbox 356 2013 641 2096; x_wconf 77' lang='lat' dir='ltr'>argumentationis</span> <span class='ocrx_word' id='word_1_129' title='bbox 664 2013 728 2077; x_wconf 88' lang='lat' dir='ltr'><strong><em>vim</em></strong></span> <span class='ocrx_word' id='word_1_130' title='bbox 752 2023 807 2076; x_wconf 71' lang='lat' dir='ltr'><strong><em>&#39;me</em></strong></span> <span class='ocrx_word' id='word_1_131' title='bbox 838 2033 902 2076; x_wconf 87' lang='lat' dir='ltr'><strong><em>non</em></strong></span> <span class='ocrx_word' id='word_1_132' title='bbox 931 2013 1112 2098; x_wconf 87' lang='lat' dir='ltr'>perspieere</span> <span class='ocrx_word' id='word_1_133' title='bbox 1135 2012 1234 2078; x_wconf 86' lang='lat' dir='ltr'>libere</span> 
     </span>
     <span class='ocr_line' id='line_1_17' title="bbox 88 2113 1230 2201; baseline 0.003 -22"><span class='ocrx_word' id='word_1_134' title='bbox 88 2113 209 2180; x_wconf 81' lang='lat' dir='ltr'>fateor.</span> <span class='ocrx_word' id='word_1_135' title='bbox 257 2116 338 2180; x_wconf 84' lang='lat' dir='ltr'><strong><em>Num</em></strong></span> <span class='ocrx_word' id='word_1_136' title='bbox 362 2122 398 2181; x_wconf 90' lang='lat' dir='ltr'>ut</span> <span class='ocrx_word' id='word_1_137' title='bbox 418 2115 499 2180; x_wconf 89' lang='lat' dir='ltr'>nihil</span> <span class='ocrx_word' id='word_1_138' title='bbox 522 2116 626 2181; x_wconf 83' lang='lat' dir='ltr'>dinam</span> <span class='ocrx_word' id='word_1_139' title='bbox 650 2115 691 2181; x_wconf 86' lang='lat' dir='ltr'><strong><em>de</em></strong></span> <span class='ocrx_word' id='word_1_140' title='bbox 717 2117 1000 2201; x_wconf 77' lang='lat' dir='ltr'>interpretamento</span> <span class='ocrx_word' id='word_1_141' title='bbox 1030 2117 1110 2182; x_wconf 87' lang='lat' dir='ltr'>satis</span> <span class='ocrx_word' id='word_1_142' title='bbox 1139 2116 1230 2198; x_wconf 81' lang='lat' dir='ltr'>mire,</span> 
     </span>
     <span class='ocr_line' id='line_1_18' title="bbox 87 2213 1235 2306; baseline 0.002 -23"><span class='ocrx_word' id='word_1_143' title='bbox 87 2219 166 2303; x_wconf 78' lang='lat' dir='ltr'>ipsa</span> <span class='ocrx_word' id='word_1_144' title='bbox 188 2218 269 2284; x_wconf 78' lang='lat' dir='ltr'>haee</span> <span class='ocrx_word' id='word_1_145' title='bbox 291 2219 389 2284; x_wconf 83' lang='lat' dir='ltr'>verbu</span> <span class='ocrx_word' id='word_1_146' title='bbox 412 2219 543 2304; x_wconf 81' lang='lat' dir='ltr'>saepius</span> <span class='ocrx_word' id='word_1_147' title='bbox 565 2219 675 2284; x_wconf 79' lang='lat' dir='ltr'>iuncte</span> <span class='ocrx_word' id='word_1_148' title='bbox 697 2227 874 2300; x_wconf 82' lang='lat' dir='ltr'>decurrunt,</span> <span class='ocrx_word' id='word_1_149' title='bbox 901 2220 1103 2304; x_wconf 82' lang='lat' dir='ltr'>el.p.8961u</span> <span class='ocrx_word' id='word_1_150' title='bbox 1127 2213 1145 2306; x_wconf 78' lang='grc' dir='ltr'>ἡ</span> <span class='ocrx_word' id='word_1_151' title='bbox 1170 2226 1235 2285; x_wconf 80' lang='grc' dir='ltr'><strong><em>τάν</em></strong></span> 
     </span>
     <span class='ocr_line' id='line_1_19' title="bbox 89 2316 1235 2410; baseline -0.002 -23"><span class='ocrx_word' id='word_1_152' title='bbox 89 2320 346 2408; x_wconf 71' lang='grc' dir='ltr'><strong><em>ἐνθυμημάτων</em></strong></span> <span class='ocrx_word' id='word_1_153' title='bbox 367 2346 402 2387; x_wconf 89' lang='grc' dir='ltr'><strong><em>τε</em></strong></span> <span class='ocrx_word' id='word_1_154' title='bbox 424 2324 482 2387; x_wconf 83' lang='grc' dir='ltr'><strong><em>καὶ</em></strong></span> <span class='ocrx_word' id='word_1_155' title='bbox 504 2321 684 2410; x_wconf 89' lang='grc' dir='ltr'><strong><em>νοημάτων</em></strong></span> <span class='ocrx_word' id='word_1_156' title='bbox 705 2317 846 2405; x_wconf 76' lang='grc' dir='ltr'><strong><em>εὕρεσις.</em></strong></span> <span class='ocrx_word' id='word_1_157' title='bbox 894 2326 985 2388; x_wconf 76' lang='grc'>92714</span> <span class='ocrx_word' id='word_1_158' title='bbox 1013 2316 1031 2410; x_wconf 79' lang='grc' dir='ltr'>ἡ</span> <span class='ocrx_word' id='word_1_159' title='bbox 1058 2329 1124 2388; x_wconf 82' lang='grc' dir='ltr'><strong><em>τῶν</em></strong></span> <span class='ocrx_word' id='word_1_160' title='bbox 1153 2346 1235 2407; x_wconf 89' lang='grc' dir='ltr'><strong><em>κρα-</em></strong></span> 
     </span>
     <span class='ocr_line' id='line_1_20' title="bbox 88 2420 1235 2514; baseline 0.002 -26"><span class='ocrx_word' id='word_1_161' title='bbox 88 2431 219 2490; x_wconf 81' lang='grc' dir='ltr'><strong><em>τίστων</em></strong></span> <span class='ocrx_word' id='word_1_162' title='bbox 240 2423 492 2514; x_wconf 76' lang='grc' dir='ltr'><strong><em>ἐνθυμημάτων</em></strong></span> <span class='ocrx_word' id='word_1_163' title='bbox 512 2451 548 2492; x_wconf 87' lang='grc' dir='ltr'><strong><em>τε</em></strong></span> <span class='ocrx_word' id='word_1_164' title='bbox 571 2427 629 2490; x_wconf 84' lang='grc' dir='ltr'><strong><em>καὶ</em></strong></span> <span class='ocrx_word' id='word_1_165' title='bbox 649 2425 830 2512; x_wconf 87' lang='grc' dir='ltr'><strong><em>νοημάτων</em></strong></span> <span class='ocrx_word' id='word_1_166' title='bbox 852 2420 993 2508; x_wconf 78' lang='grc' dir='ltr'><strong><em>εάρεσις.</em></strong></span> <span class='ocrx_word' id='word_1_167' title='bbox 1034 2428 1112 2491; x_wconf 76' lang='lat'>8972</span> <span class='ocrx_word' id='word_1_168' title='bbox 1136 2421 1235 2492; x_wconf 81' lang='grc' dir='ltr'><strong><em>άπει-</em></strong></span> 
     </span>
     <span class='ocr_line' id='line_1_21' title="bbox 88 2526 1235 2616; baseline -0.002 -22"><span class='ocrx_word' id='word_1_169' title='bbox 88 2527 156 2612; x_wconf 88' lang='grc' dir='ltr'><strong><em>ρόν</em></strong></span> <span class='ocrx_word' id='word_1_170' title='bbox 178 2552 211 2592; x_wconf 91' lang='grc' dir='ltr'><strong><em>τι</em></strong></span> <span class='ocrx_word' id='word_1_171' title='bbox 233 2535 344 2616; x_wconf 75' lang='grc' dir='ltr'><strong><em>χρῆμα</em></strong></span> <span class='ocrx_word' id='word_1_172' title='bbox 366 2527 546 2616; x_wconf 84' lang='grc' dir='ltr'><strong><em>νοημάτων</em></strong></span> <span class='ocrx_word' id='word_1_173' title='bbox 568 2555 603 2595; x_wconf 90' lang='grc' dir='ltr'><strong><em>τε</em></strong></span> <span class='ocrx_word' id='word_1_174' title='bbox 626 2532 682 2594; x_wconf 82' lang='grc' dir='ltr'><strong><em>καὶ</em></strong></span> <span class='ocrx_word' id='word_1_175' title='bbox 712 2526 962 2616; x_wconf 69' lang='grc' dir='ltr'><strong><em>ἐνθυμημάτων</em></strong></span> <span class='ocrx_word' id='word_1_176' title='bbox 989 2536 1156 2615; x_wconf 78' lang='grc' dir='ltr'><strong><em>περιττῶν</em></strong></span> <span class='ocrx_word' id='word_1_177' title='bbox 1178 2530 1235 2593; x_wconf 79' lang='grc' dir='ltr'><strong><em>καὶ</em></strong></span> 
     </span>
     <span class='ocr_line' id='line_1_22' title="bbox 86 2629 1230 2718; baseline -0.002 -20"><span class='ocrx_word' id='word_1_178' title='bbox 86 2635 201 2712; x_wconf 82' lang='grc' dir='ltr'><strong><em>ξένων</em></strong></span> <span class='ocrx_word' id='word_1_179' title='bbox 229 2634 286 2696; x_wconf 81' lang='grc' dir='ltr'><strong><em>καὶ</em></strong></span> <span class='ocrx_word' id='word_1_180' title='bbox 316 2629 532 2718; x_wconf 80' lang='grc' dir='ltr'><strong><em>παραδόξων.</em></strong></span> <span class='ocrx_word' id='word_1_181' title='bbox 580 2632 646 2698; x_wconf 83' lang='lat' dir='ltr'><strong><em>Sed</em></strong></span> <span class='ocrx_word' id='word_1_182' title='bbox 676 2633 913 2700; x_wconf 81' lang='lat' dir='ltr'>Herwerdenus</span> <span class='ocrx_word' id='word_1_183' title='bbox 942 2633 1040 2698; x_wconf 84' lang='lat' dir='ltr'>etium</span> <span class='ocrx_word' id='word_1_184' title='bbox 1070 2654 1104 2718; x_wconf 92' lang='lat' dir='ltr'><strong><em>p.</em></strong></span> <span class='ocrx_word' id='word_1_185' title='bbox 1129 2635 1230 2711; x_wconf 64' lang='lat' dir='ltr'>Stltus,</span> 
     </span>
     <span class='ocr_line' id='line_1_23' title="bbox 88 2732 1235 2823; baseline -0.002 -22"><span class='ocrx_word' id='word_1_186' title='bbox 88 2737 148 2802; x_wconf 85' lang='lat' dir='ltr'><strong><em>ubi</em></strong></span> <span class='ocrx_word' id='word_1_187' title='bbox 171 2743 223 2801; x_wconf 78' lang='lat' dir='ltr'>eet</span> <span class='ocrx_word' id='word_1_188' title='bbox 245 2734 282 2801; x_wconf 78' lang='grc' dir='ltr'><strong><em>ἐν</em></strong></span> <span class='ocrx_word' id='word_1_189' title='bbox 303 2736 340 2802; x_wconf 80' lang='grc' dir='ltr'><strong><em>δὲ</em></strong></span> <span class='ocrx_word' id='word_1_190' title='bbox 362 2747 434 2813; x_wconf 84' lang='grc' dir='ltr'><strong><em>τοῖς</em></strong></span> <span class='ocrx_word' id='word_1_191' title='bbox 457 2733 675 2823; x_wconf 74' lang='grc' dir='ltr'><strong><em>ἕνθυμήμασλ</em></strong></span> <span class='ocrx_word' id='word_1_192' title='bbox 697 2758 732 2800; x_wconf 84' lang='grc' dir='ltr'><strong><em>τε</em></strong></span> <span class='ocrx_word' id='word_1_193' title='bbox 762 2735 819 2799; x_wconf 88' lang='grc' dir='ltr'><strong><em>καὶ</em></strong></span> <span class='ocrx_word' id='word_1_194' title='bbox 846 2733 1014 2822; x_wconf 75' lang='grc' dir='ltr'><strong><em>νοήμασιν</em></strong></span> <span class='ocrx_word' id='word_1_195' title='bbox 1044 2734 1079 2800; x_wconf 78' lang='grc' dir='ltr'><strong><em>αἱ</em></strong></span> <span class='ocrx_word' id='word_1_196' title='bbox 1108 2732 1235 2817; x_wconf 82' lang='grc' dir='ltr'><strong><em>μεταξὺ</em></strong></span> 
     </span>
     <span class='ocr_line' id='line_1_24' title="bbox 88 2835 1234 2925; baseline 0 -22"><span class='ocrx_word' id='word_1_197' title='bbox 88 2837 358 2923; x_wconf 87' lang='grc' dir='ltr'><strong><em>παρεμπτώσεις</em></strong></span> <span class='ocrx_word' id='word_1_198' title='bbox 381 2839 504 2902; x_wconf 77' lang='grc' dir='ltr'><strong><em>πολλαὶ</em></strong></span> <span class='ocrx_word' id='word_1_199' title='bbox 528 2837 701 2923; x_wconf 81' lang='grc' dir='ltr'><strong><em>γινόμεναι</em></strong></span> <span class='ocrx_word' id='word_1_200' title='bbox 731 2838 830 2904; x_wconf 84' lang='lat' dir='ltr'>verbe</span> <span class='ocrx_word' id='word_1_201' title='bbox 858 2861 893 2902; x_wconf 87' lang='grc' dir='ltr'><strong><em>τε</em></strong></span> <span class='ocrx_word' id='word_1_202' title='bbox 922 2840 978 2902; x_wconf 81' lang='grc' dir='ltr'><strong><em>καὶ</em></strong></span> <span class='ocrx_word' id='word_1_203' title='bbox 1004 2835 1173 2925; x_wconf 76' lang='grc' dir='ltr'><strong><em>νοήμασιν</em></strong></span> <span class='ocrx_word' id='word_1_204' title='bbox 1201 2839 1234 2903; x_wconf 88' lang='lat' dir='ltr'><strong><em>in</em></strong></span> 
     </span>
     <span class='ocr_line' id='line_1_25' title="bbox 87 2942 1234 3027; baseline -0.002 -18"><span class='ocrx_word' id='word_1_205' title='bbox 87 2942 308 3027; x_wconf 79' lang='lat' dir='ltr'>suspicionem</span> <span class='ocrx_word' id='word_1_206' title='bbox 331 2951 436 3008; x_wconf 77' lang='lat' dir='ltr'>uuest.</span> <span class='ocrx_word' id='word_1_207' title='bbox 484 2943 595 3024; x_wconf 73' lang='lat' dir='ltr'>ltaque</span> <span class='ocrx_word' id='word_1_208' title='bbox 618 2961 681 3008; x_wconf 86' lang='lat' dir='ltr'><strong><em>non</em></strong></span> <span class='ocrx_word' id='word_1_209' title='bbox 705 2943 782 3008; x_wconf 88' lang='lat' dir='ltr'>solis</span> <span class='ocrx_word' id='word_1_210' title='bbox 805 2942 870 3008; x_wconf 77' lang='lat' dir='ltr'>illie</span> <span class='ocrx_word' id='word_1_211' title='bbox 893 2942 1017 3008; x_wconf 87' lang='lat' dir='ltr'>duobus</span> <span class='ocrx_word' id='word_1_212' title='bbox 1040 2943 1120 3008; x_wconf 84' lang='lat' dir='ltr'>loeis</span> <span class='ocrx_word' id='word_1_213' title='bbox 1135 2943 1234 3008; x_wconf 85' lang='lat' dir='ltr'>verbu</span> 
     </span>
     <span class='ocr_line' id='line_1_26' title="bbox 87 3043 1236 3134; baseline -0.003 -21"><span class='ocrx_word' id='word_1_214' title='bbox 87 3071 126 3113; x_wconf 86' lang='grc' dir='ltr'><strong><em>τε</em></strong></span> <span class='ocrx_word' id='word_1_215' title='bbox 153 3047 211 3111; x_wconf 79' lang='grc' dir='ltr'><strong><em>καὶ</em></strong></span> <span class='ocrx_word' id='word_1_216' title='bbox 231 3043 385 3134; x_wconf 79' lang='grc' dir='ltr'><strong><em>νοήματα</em></strong></span> <span class='ocrx_word' id='word_1_217' title='bbox 407 3066 466 3131; x_wconf 88' lang='lat' dir='ltr'><strong><em>pru</em></strong></span> <span class='ocrx_word' id='word_1_218' title='bbox 486 3046 768 3131; x_wconf 85' lang='lat' dir='ltr'>interpretamento</span> <span class='ocrx_word' id='word_1_219' title='bbox 784 3045 933 3112; x_wconf 76' lang='lat' dir='ltr'>habende</span> <span class='ocrx_word' id='word_1_220' title='bbox 948 3054 1067 3126; x_wconf 81' lang='lat' dir='ltr'>essent,</span> <span class='ocrx_word' id='word_1_221' title='bbox 1094 3043 1151 3110; x_wconf 85' lang='lat' dir='ltr'><strong><em>sed</em></strong></span> <span class='ocrx_word' id='word_1_222' title='bbox 1167 3065 1236 3109; x_wconf 88' lang='lat' dir='ltr'><strong><em>um-</em></strong></span> 
     </span>
     <span class='ocr_line' id='line_1_27' title="bbox 88 3146 1234 3232; baseline -0.003 -16"><span class='ocrx_word' id='word_1_223' title='bbox 88 3151 191 3216; x_wconf 89' lang='lat' dir='ltr'>nihus</span> <span class='ocrx_word' id='word_1_224' title='bbox 214 3149 375 3230; x_wconf 71' lang='lat' dir='ltr'>deiende,</span> <span class='ocrx_word' id='word_1_225' title='bbox 401 3169 466 3232; x_wconf 87' lang='lat' dir='ltr'><strong><em>que</em></strong></span> <span class='ocrx_word' id='word_1_226' title='bbox 487 3148 520 3212; x_wconf 93' lang='lat' dir='ltr'><strong><em>in</em></strong></span> <span class='ocrx_word' id='word_1_227' title='bbox 542 3168 577 3213; x_wconf 88' lang='lat' dir='ltr'><strong><em>re</em></strong></span> <span class='ocrx_word' id='word_1_228' title='bbox 599 3168 709 3230; x_wconf 70' lang='lat' dir='ltr'>nemu,</span> <span class='ocrx_word' id='word_1_229' title='bbox 742 3148 775 3213; x_wconf 93' lang='lat' dir='ltr'><strong><em>ni</em></strong></span> <span class='ocrx_word' id='word_1_230' title='bbox 804 3147 909 3228; x_wconf 79' lang='lat' dir='ltr'>fallor,</span> <span class='ocrx_word' id='word_1_231' title='bbox 944 3167 1015 3213; x_wconf 85' lang='lat' dir='ltr'><strong><em>uum</em></strong></span> <span class='ocrx_word' id='word_1_232' title='bbox 1043 3147 1112 3213; x_wconf 82' lang='lat' dir='ltr'>viro</span> <span class='ocrx_word' id='word_1_233' title='bbox 1141 3146 1234 3214; x_wconf 79' lang='lat' dir='ltr'>docto</span> 
     </span>
     <span class='ocr_line' id='line_1_28' title="bbox 87 3248 1237 3337; baseline -0.003 -18"><span class='ocrx_word' id='word_1_234' title='bbox 87 3255 220 3320; x_wconf 79' lang='lat' dir='ltr'>Batavo</span> <span class='ocrx_word' id='word_1_235' title='bbox 242 3253 349 3318; x_wconf 84' lang='lat' dir='ltr'>laeiet.</span> <span class='ocrx_word' id='word_1_236' title='bbox 396 3253 464 3318; x_wconf 79' lang='lat' dir='ltr'><strong><em>lum</em></strong></span> <span class='ocrx_word' id='word_1_237' title='bbox 487 3251 659 3335; x_wconf 77' lang='lat' dir='ltr'>quaeritur,</span> <span class='ocrx_word' id='word_1_238' title='bbox 691 3271 766 3316; x_wconf 92' lang='lat' dir='ltr'><strong><em>num</em></strong></span> <span class='ocrx_word' id='word_1_239' title='bbox 791 3251 890 3316; x_wconf 81' lang='lat' dir='ltr'>verba</span> <span class='ocrx_word' id='word_1_240' title='bbox 921 3274 955 3315; x_wconf 86' lang='grc' dir='ltr'><strong><em>τε</em></strong></span> <span class='ocrx_word' id='word_1_241' title='bbox 979 3252 1035 3315; x_wconf 80' lang='grc' dir='ltr'><strong><em>καὶ</em></strong></span> <span class='ocrx_word' id='word_1_242' title='bbox 1058 3248 1237 3337; x_wconf 85' lang='grc' dir='ltr'><strong><em>νοημάτων</em></strong></span> 
     </span>
     <span class='ocr_line' id='line_1_29' title="bbox 87 3352 1235 3442; baseline -0.003 -22"><span class='ocrx_word' id='word_1_243' title='bbox 87 3379 125 3442; x_wconf 93' lang='lat' dir='ltr'><strong><em>p.</em></strong></span> <span class='ocrx_word' id='word_1_244' title='bbox 147 3357 241 3420; x_wconf 67' lang='lat'>86810</span> <span class='ocrx_word' id='word_1_245' title='bbox 262 3363 335 3441; x_wconf 87' lang='lat' dir='ltr'>pest</span> <span class='ocrx_word' id='word_1_246' title='bbox 359 3352 608 3440; x_wconf 80' lang='grc' dir='ltr'><strong><em>ἐνθυμημάτων</em></strong></span> <span class='ocrx_word' id='word_1_247' title='bbox 629 3353 800 3419; x_wconf 82' lang='lat' dir='ltr'>inserenda</span> <span class='ocrx_word' id='word_1_248' title='bbox 817 3359 1007 3418; x_wconf 78' lang='lat' dir='ltr'>statuamus.</span> <span class='ocrx_word' id='word_1_249' title='bbox 1049 3353 1121 3418; x_wconf 88' lang='lat' dir='ltr'>Veri</span> <span class='ocrx_word' id='word_1_250' title='bbox 1137 3353 1235 3418; x_wconf 89' lang='lat' dir='ltr'>dissi·</span> 
     </span>
     <span class='ocr_line' id='line_1_30' title="bbox 88 3455 1237 3542; baseline -0.003 -16"><span class='ocrx_word' id='word_1_251' title='bbox 88 3460 171 3526; x_wconf 90' lang='lat' dir='ltr'>mile</span> <span class='ocrx_word' id='word_1_252' title='bbox 193 3465 244 3524; x_wconf 87' lang='lat' dir='ltr'>est</span> <span class='ocrx_word' id='word_1_253' title='bbox 265 3458 456 3542; x_wconf 87' lang='lat' dir='ltr'>Dionysium</span> <span class='ocrx_word' id='word_1_254' title='bbox 479 3459 511 3522; x_wconf 92' lang='lat' dir='ltr'><strong><em>in</em></strong></span> <span class='ocrx_word' id='word_1_255' title='bbox 536 3459 654 3523; x_wconf 80' lang='lat' dir='ltr'>maiore</span> <span class='ocrx_word' id='word_1_256' title='bbox 676 3457 718 3522; x_wconf 85' lang='lat' dir='ltr'><strong><em>de</em></strong></span> <span class='ocrx_word' id='word_1_257' title='bbox 740 3455 931 3539; x_wconf 81' lang='lat' dir='ltr'>Thucydide</span> <span class='ocrx_word' id='word_1_258' title='bbox 952 3456 1034 3522; x_wconf 88' lang='lat' dir='ltr'>libro</span> <span class='ocrx_word' id='word_1_259' title='bbox 1057 3475 1158 3540; x_wconf 87' lang='lat' dir='ltr'>enque</span> <span class='ocrx_word' id='word_1_260' title='bbox 1182 3476 1237 3522; x_wconf 85' lang='lat' dir='ltr'><strong><em>ac-</em></strong></span> 
     </span>
     <span class='ocr_line' id='line_1_31' title="bbox 87 3558 1235 3646; baseline -0.008 -14"><span class='ocrx_word' id='word_1_261' title='bbox 87 3568 206 3632; x_wconf 74' lang='lat' dir='ltr'>curate</span> <span class='ocrx_word' id='word_1_262' title='bbox 228 3563 392 3628; x_wconf 82' lang='lat' dir='ltr'>elaborato</span> <span class='ocrx_word' id='word_1_263' title='bbox 414 3561 563 3646; x_wconf 78' lang='lat' dir='ltr'>graviora</span> <span class='ocrx_word' id='word_1_264' title='bbox 578 3561 675 3626; x_wconf 83' lang='lat' dir='ltr'>verbs</span> <span class='ocrx_word' id='word_1_265' title='bbox 695 3560 852 3641; x_wconf 82' lang='lat' dir='ltr'>omisisse,</span> <span class='ocrx_word' id='word_1_266' title='bbox 879 3558 1043 3626; x_wconf 83' lang='lat' dir='ltr'>addidisse</span> <span class='ocrx_word' id='word_1_267' title='bbox 1066 3559 1179 3624; x_wconf 88' lang='lat' dir='ltr'>eudem</span> <span class='ocrx_word' id='word_1_268' title='bbox 1202 3559 1235 3623; x_wconf 92' lang='lat' dir='ltr'><strong><em>in</em></strong></span> 
     </span>
     <span class='ocr_line' id='line_1_32' title="bbox 87 3663 1236 3750; baseline -0.007 -16"><span class='ocrx_word' id='word_1_269' title='bbox 87 3666 206 3734; x_wconf 90' lang='lat' dir='ltr'>libello</span> <span class='ocrx_word' id='word_1_270' title='bbox 228 3666 268 3731; x_wconf 90' lang='lat' dir='ltr'><strong><em>de</em></strong></span> <span class='ocrx_word' id='word_1_271' title='bbox 291 3665 490 3750; x_wconf 80' lang='lat' dir='ltr'>Thucydidis</span> <span class='ocrx_word' id='word_1_272' title='bbox 512 3664 674 3730; x_wconf 81' lang='lat' dir='ltr'>idiomatis</span> <span class='ocrx_word' id='word_1_273' title='bbox 697 3665 730 3728; x_wconf 89' lang='lat' dir='ltr'><strong><em>in</em></strong></span> <span class='ocrx_word' id='word_1_274' title='bbox 754 3685 794 3730; x_wconf 82' lang='lat' dir='ltr'><strong><em>eu</em></strong></span> <span class='ocrx_word' id='word_1_275' title='bbox 816 3663 856 3729; x_wconf 90' lang='lat' dir='ltr'><strong><em>de</em></strong></span> <span class='ocrx_word' id='word_1_276' title='bbox 879 3683 942 3748; x_wconf 82' lang='lat' dir='ltr'><strong><em>que</em></strong></span> <span class='ocrx_word' id='word_1_277' title='bbox 965 3663 1070 3746; x_wconf 80' lang='lat' dir='ltr'>agitur</span> <span class='ocrx_word' id='word_1_278' title='bbox 1087 3669 1179 3746; x_wconf 82' lang='lat' dir='ltr'>parte</span> <span class='ocrx_word' id='word_1_279' title='bbox 1196 3682 1236 3727; x_wconf 84' lang='lat' dir='ltr'><strong><em>eu</em></strong></span> 
     </span>
     <span class='ocr_line' id='line_1_33' title="bbox 87 3763 1234 3854; baseline -0.008 -17"><span class='ocrx_word' id='word_1_280' title='bbox 87 3774 152 3838; x_wconf 91' lang='lat' dir='ltr'>illo</span> <span class='ocrx_word' id='word_1_281' title='bbox 174 3770 378 3854; x_wconf 82' lang='lat' dir='ltr'>transcripto.</span> <span class='ocrx_word' id='word_1_282' title='bbox 426 3769 535 3834; x_wconf 89' lang='lat' dir='ltr'>Potius</span> <span class='ocrx_word' id='word_1_283' title='bbox 558 3767 656 3834; x_wconf 85' lang='lat' dir='ltr'>verbe</span> <span class='ocrx_word' id='word_1_284' title='bbox 679 3791 714 3832; x_wconf 86' lang='grc' dir='ltr'><strong><em>τε</em></strong></span> <span class='ocrx_word' id='word_1_285' title='bbox 738 3769 794 3831; x_wconf 85' lang='grc' dir='ltr'><strong><em>καὶ</em></strong></span> <span class='ocrx_word' id='word_1_286' title='bbox 816 3763 996 3854; x_wconf 86' lang='grc' dir='ltr'><strong><em>νοημάτων</em></strong></span> <span class='ocrx_word' id='word_1_287' title='bbox 1025 3773 1154 3851; x_wconf 87' lang='lat' dir='ltr'>propter</span> <span class='ocrx_word' id='word_1_288' title='bbox 1174 3764 1234 3828; x_wconf 88' lang='lat' dir='ltr'><strong><em>ho-</em></strong></span> 
     </span>
     <span class='ocr_line' id='line_1_34' title="bbox 88 3867 1233 3956; baseline -0.007 -16"><span class='ocrx_word' id='word_1_289' title='bbox 88 3873 332 3940; x_wconf 87' lang='lat' dir='ltr'>moeoteleuton</span> <span class='ocrx_word' id='word_1_290' title='bbox 359 3872 478 3936; x_wconf 83' lang='lat' dir='ltr'>omissa</span> <span class='ocrx_word' id='word_1_291' title='bbox 503 3892 538 3955; x_wconf 93' lang='lat' dir='ltr'><strong><em>p.</em></strong></span> <span class='ocrx_word' id='word_1_292' title='bbox 562 3873 654 3936; x_wconf 73' lang='lat'>86810</span> <span class='ocrx_word' id='word_1_293' title='bbox 682 3877 755 3956; x_wconf 91' lang='lat' dir='ltr'>post</span> <span class='ocrx_word' id='word_1_294' title='bbox 785 3867 1035 3956; x_wconf 75' lang='grc' dir='ltr'><strong><em>ἐνθυμημάτων</em></strong></span> <span class='ocrx_word' id='word_1_295' title='bbox 1062 3867 1233 3934; x_wconf 76' lang='lat' dir='ltr'>adicienda</span> 
     </span>
     <span class='ocr_line' id='line_1_35' title="bbox 88 3970 1237 4054; baseline -0.01 -10"><span class='ocrx_word' id='word_1_296' title='bbox 88 3983 181 4044; x_wconf 88' lang='lat' dir='ltr'>sunt.</span> <span class='ocrx_word' id='word_1_297' title='bbox 234 3976 368 4040; x_wconf 87' lang='lat' dir='ltr'>Prorsus</span> <span class='ocrx_word' id='word_1_298' title='bbox 400 3973 512 4040; x_wconf 83' lang='lat' dir='ltr'>eadem</span> <span class='ocrx_word' id='word_1_299' title='bbox 546 3974 629 4040; x_wconf 80' lang='lat' dir='ltr'>ratio</span> <span class='ocrx_word' id='word_1_300' title='bbox 662 3980 712 4039; x_wconf 89' lang='lat' dir='ltr'>est</span> <span class='ocrx_word' id='word_1_301' title='bbox 743 3974 929 4049; x_wconf 79' lang='lat' dir='ltr'>verborum,</span> <span class='ocrx_word' id='word_1_302' title='bbox 970 3991 1054 4054; x_wconf 80' lang='lat' dir='ltr'>quae</span> <span class='ocrx_word' id='word_1_303' title='bbox 1086 3970 1237 4053; x_wconf 77' lang='lat' dir='ltr'>leguntur</span> 
     </span>
     <span class='ocr_line' id='line_1_36' title="bbox 88 4071 1237 4168; baseline -0.007 -24"><span class='ocrx_word' id='word_1_304' title='bbox 88 4103 123 4168; x_wconf 89' lang='lat' dir='ltr'><strong><em>p.</em></strong></span> <span class='ocrx_word' id='word_1_305' title='bbox 148 4082 256 4144; x_wconf 69' lang='lat' dir='ltr'>tutes</span> <span class='ocrx_word' id='word_1_306' title='bbox 284 4075 344 4154; x_wconf 87' lang='grc' dir='ltr'><strong><em>τάς</em></strong></span> <span class='ocrx_word' id='word_1_307' title='bbox 372 4075 579 4162; x_wconf 88' lang='grc' dir='ltr'><strong><em>παρισώσεις</em></strong></span> <span class='ocrx_word' id='word_1_308' title='bbox 602 4078 687 4163; x_wconf 80' lang='grc' dir='ltr'><strong><em>λέγω</em></strong></span> <span class='ocrx_word' id='word_1_309' title='bbox 713 4077 769 4141; x_wconf 81' lang='grc' dir='ltr'><strong><em>καὶ</em></strong></span> <span class='ocrx_word' id='word_1_310' title='bbox 794 4071 1045 4161; x_wconf 88' lang='grc' dir='ltr'><strong><em>παρομοιώσεις</em></strong></span> <span class='ocrx_word' id='word_1_311' title='bbox 1067 4073 1124 4138; x_wconf 84' lang='grc' dir='ltr'><strong><em>καὶ</em></strong></span> <span class='ocrx_word' id='word_1_312' title='bbox 1147 4096 1237 4155; x_wconf 87' lang='grc' dir='ltr'><strong><em>παρ-</em></strong></span> 
     </span>
    </p>
   </div>
   <div class='ocr_carea' id='block_1_3' title="bbox 168 4294 1024 4453">
    <p class='ocr_par' dir='ltr' id='par_1_3' title="bbox 168 4294 1024 4453">
     <span class='ocr_line' id='line_1_37' title="bbox 168 4294 1007 4370; baseline 0.014 -17"><span class='ocrx_word' id='word_1_313' title='bbox 168 4305 185 4368; x_wconf 77' lang='lat'><strong><em>¹)</em></strong></span> <span class='ocrx_word' id='word_1_314' title='bbox 207 4298 302 4354; x_wconf 78' lang='grc' dir='ltr'><strong><em>ὁπόσα</em></strong></span> <span class='ocrx_word' id='word_1_315' title='bbox 319 4317 347 4354; x_wconf 80' lang='grc' dir='ltr'><strong><em>τε</em></strong></span> <span class='ocrx_word' id='word_1_316' title='bbox 365 4301 494 4370; x_wconf 78' lang='grc' dir='ltr'><strong><em>γίγνεται</em></strong></span> <span class='ocrx_word' id='word_1_317' title='bbox 512 4301 628 4358; x_wconf 80' lang='lat' dir='ltr'>Relsk.:</span> <span class='ocrx_word' id='word_1_318' title='bbox 650 4297 818 4368; x_wconf 75' lang='lat' dir='ltr'>dnomlyetv</span> <span class='ocrx_word' id='word_1_319' title='bbox 836 4294 852 4363; x_wconf 80' lang='grc' dir='ltr'><em>ἢ</em></span> <span class='ocrx_word' id='word_1_320' title='bbox 871 4295 905 4350; x_wconf 61' lang='grc' dir='ltr'><strong><em>ῑὰ</em></strong></span> <span class='ocrx_word' id='word_1_321' title='bbox 924 4297 1007 4352; x_wconf 76' lang='lat' dir='ltr'>⁰⁰dd·</span> 
     </span>
     <span class='ocr_line' id='line_1_38' title="bbox 976 4401 1024 4453; baseline -0.021 0"><span class='ocrx_word' id='word_1_322' title='bbox 976 4401 1024 4453; x_wconf 76' lang='lat'><strong><em>14*</em></strong></span> 
     </span>
    </p>
   </div>
   <div class='ocr_carea' id='block_1_4' title="bbox 0 0 1496 4884">
    <p class='ocr_par' dir='ltr' id='par_1_4' title="bbox 0 0 1496 4884">
     <span class='ocr_line' id='line_1_39' title="bbox 0 0 1496 4884; baseline 0 0"><span class='ocrx_word' id='word_1_323' title='bbox 0 0 1496 4884; x_wconf 95' lang='lat' dir='ltr'><strong><em> </em></strong></span> 
     </span>
    </p>
   </div>
  </div>
 </body>
</html>
