2994 4890
510 407 553 418 -
601 371 684 452 [aaa]
732 407 774 416 -

76 557 234 642 Aeschyli
258 557 424 623 Persarum
447 577 531 624 vers.
554 563 599 622 ls:

311 658 397 726 Τάδε
420 661 484 743 μὲν
505 666 649 746 Περσῶν
671 668 737 725 τῶν
759 660 946 744 οἰχομένων

304 757 435 829 Ἑλλάδ’
462 762 496 840 ίς
519 758 600 829 αλαν
623 761 728 829 πιστὰ
751 765 913 828 καλεῖται.

75 882 242 968 Euripidis
265 882 425 948 'ihoadum
448 902 531 949 vers.
554 889 612 948 100
644 878 755 948 οὐκέτι
781 888 886 970 Τροία
916 881 1006 950 τάδε.
1054 885 1215 950 Posterio-

74 1005 144 1050 rem
160 985 311 1068 loquendi
325 1006 456 1066 morem,
475 1007 536 1070 quo
553 994 658 1052 ταῦτα
673 1008 732 1072 pro
749 985 827 1052 τάδε
843 987 1066 1066 adhibebatur,
1090 988 1214 1073 Diony-

75 1089 146 1154 sius
170 1090 311 1172 sequitur
326 1109 354 1156 e.
371 1110 402 1173 g.
422 1110 474 1174 ep.
494 1088 536 1156 ad
552 1090 610 1156 Cn.
629 1092 741 1174 Pomp.
757 1091 821 1174 115
841 1095 893 1161 ll:
925 1093 1001 1156 7631
1023 1093 1118 1174 19701)
1139 1085 1215 1156 Ὅτι

74 1192 113 1256 δὲ
147 1189 264 1279 ψόφοι
296 1186 392 1258 ταῦτ’
417 1191 483 1258 εἰσὶ
511 1197 616 1274 (9761,
651 1192 722 1258 ἐστι
745 1194 772 1257 Β
797 1197 886 1277 7631)
915 1194 971 1258 καὶ
1005 1190 1215 1279 διθύραμβοι

78 1345 167 1377 ...‚
202 1288 304 1372 αὐτὸς
335 1294 416 1380 ἐρεῖ,
451 1296 506 1360 ubi
536 1295 610 1362 vide
634 1297 850 1379 Kruegerum3
893 1299 986 1360 16351
1016 1289 1056 1362 οὐ
1077 1293 1215 1378 Λικύμ-

75 1423 143 1464 νιοι
172 1393 269 1464 ταῦτ’
295 1397 381 1464 εἰσὶν
411 1393 485 1465 οὐδ’
511 1393 706 1484 Ἀγάθωνες
729 1401 798 1464 κτλ.
854 1399 903 1466 Cf.
933 1400 1134 1484 Kruegerum
1163 1422 1211 1486 gr.

72 1503 130 1568 or.
157 1502 175 1586 s
198 1506 250 1584 61,
269 1507 299 1583 1,
321 1505 350 1566 e.

164 1607 240 1670 8311
264 1633 305 1660 ··-·-·
328 1606 405 1670 188
434 1626 467 1690 p.
494 1609 563 1671 6511
600 1599 833 1692 Ἐψηφίσαντο
864 1605 898 1670 δὲ
931 1604 962 1670 οἱ
992 1603 1215 1688 Λακεδαιμό-

73 1731 144 1773 νισι
174 1704 235 1784 τὰς
262 1705 414 1784 σπονδὰς
441 1705 607 1774 λελύσθαι
633 1709 691 1773 καλ
712 1710 922 1791 πολεμεῖν
944 1707 1209 1796 Ἀθηναίοιςε

70 1811 269 1896 πολεμητέα
292 1805 380 1876 εἶναι
396 1812 498 1877 Thus.
524 1812 618 1878 codd.
665 1811 735 1876 Etsi
758 1813 858 1892 locus,
885 1813 990 1896 qualis
1013 1832 1033 1878 a
1054 1812 1213 1897 Dionysio

69 1913 237 1995 laudatur,
263 1934 327 1979 non
349 1933 479 1999 prorsus
502 1914 587 1980 idem
616 1915 702 1999 apud
731 1914 918 1999 posterioris
948 1915 1022 1981 aevi
1051 1922 1214 1982 auctorem

70 2025 236 2098 resumat,
275 2016 516 2084 similitudinem
546 2025 653 2084 tamen
682 2024 839 2084 monstrat
866 2004 1010 2084 scholiou
1040 2018 1081 2084 ad
1111 2017 1209 2083 Arist.

69 2120 155 2185 Aah.
176 2122 238 2185 393
261 2121 454 2206 πολεμητέα
478 2132 549 2197 τοῖς
570 2117 768 2206 Ἀθηναίοις
789 2115 894 2198 ελναις
921 2141 961 2187 ex
977 2141 1039 2204 quo
1054 2140 1213 2188 consensu

69 2224 155 2289 satis
178 2229 337 2290 vetustum
361 2224 394 2288 id
418 2243 491 2291 esse
514 2225 699 2308 suspiceris.
741 2224 845 2290 Simili
866 2225 959 2290 modo
975 2222 1212 2309 Thucydidium

69 2325 238 2410 quoddam
261 2326 403 2392 scholion
427 2327 602 2394 certissime
626 2327 754 2393 saeculo
777 2349 807 2392 a.
833 2327 907 2394 Ohr.
935 2349 967 2392 u.
992 2327 1094 2411 primo
1117 2327 1212 2392 tribui

70 2437 199 2513 potest:
224 2431 314 2493 92811
332 2430 492 2495 :11624
515 2449 547 2513 p.
569 2432 659 2495 138³2
687 2427 845 2516 φρόνημα
869 2431 917 2494 M:
951 2427 1085 2517 αὔχημα
1108 2430 1210 2496 Thus.

68 2531 183 2614 codd,
220 2531 254 2596 iu
286 2531 402 2615 quihus
434 2531 494 2598 hoe
527 2531 669 2598 scholion
703 2531 940 2598 circumfertur:
981 2529 1016 2596 τὸ
1053 2529 1213 2620 φρόνημα

66 2632 210 2722 αὔχημα
233 2632 386 2700 ἐκάλουν.
1113 2665 1114 2668 “

160 2752 279 2836 Aliquo
309 2753 403 2819 modo
433 2753 494 2820 huc
522 2753 601 2821 facit
630 2754 728 2835 locus,
763 2755 817 2838 qui
846 2755 964 2838 legitur
985 2756 1214 2820 85711--111

66 2879 103 2942 p.
127 2859 182 2920 los
205 2860 346 2942 Κίνησις
368 2853 432 2941 γὰρ
463 2851 565 2944 αὕτη
590 2855 635 2943 δι’]
659 2862 840 2943 μεγίστη
869 2868 939 2932 τοῖς
961 2851 1118 2943 Ἕλλησιν
1141 2855 1214 2941 ἐγέ-

63 2982 149 3024 νετο
173 2959 231 3023 καὶ
252 2963 347 3044 μέρει
369 2961 435 3024 τινὶ
457 2966 524 3024 τῶν
545 2957 739 3046 βαρβάρων,
766 2953 810 3036 ὡς
833 2960 899 3042 611)
929 2958 1047 3040 εἰπεῖν,
1076 2960 1132 3024 καὶ
1155 2957 1214 3024 ἐπὶ

64 3063 265 3144 πλεῖστονῖ)
294 3055 499 3146 ἀνθρώπιον,
533 3083 604 3128 cum
627 3063 688 3128 oF
711 3062 811 3128 schol.
834 3063 930 3128 Arist.
951 3063 1031 3128 Aah.
1052 3068 1080 3144 1,
1107 3062 1210 3148 biogr.

62 3165 176 3232 Thus.
202 3185 352 3250 auouym.
378 3166 395 3250 ξ
418 3167 454 3230 8:
489 3160 571 3252 αὕτη
602 3171 740 3254 μεγίστη
772 3164 810 3253 δη
835 3166 871 3247 Β,
892 3167 1001 3232 AEG.
1059 3166 1210 3232 Codicum

61 3267 207 3336 BAEG
228 3268 396 3334 lectionem
420 3269 562 3352 sequitur
582 3270 609 3333 R
632 3277 665 3335 et
687 3271 837 3356 Epitoma
856 3275 941 3348 1641,
974 3269 1036 3336 nisi
1058 3269 1141 3353 quod
1164 3269 1212 3336 El*

61 3371 207 3460 praehet
230 3365 313 3458 αὕτη
338 3370 374 3437 δὲ
396 3376 534 3458 μεγίστη
559 3369 615 3460 δη,
648 3372 701 3437 ubi
732 3372 768 3437 δὲ
797 3393 837 3438 cx
861 3372 1080 3458 dittographia
1108 3379 1212 3438 ortum

61 3475 212 3542 videtur.
259 3475 408 3542 Ceterum
430 3469 514 3562 αὕτη
538 3480 675 3562 μεγίστη
700 3473 739 3563 δη
768 3477 861 3542 unice
884 3497 959 3544 vere
982 3476 1112 3560 legitur.
1160 3477 1210 3544 cf.

60 3581 99 3646 Π
117 3581 178 3643 311
202 3575 436 3662 στρατόπεδόν
458 3601 492 3643 τε
516 3583 675 3663 μέγιστον
698 3575 737 3665 δὴ
754 3585 853 3645 τοῦτο
871 3573 1004 3662 ἀθρόον
1019 3573 1215 3666 Ἀθηναίων

62 3681 217 3767 ἐγένετο.
265 3681 314 3746 ΠΙ
340 3684 414 3747 1131
437 3678 556 3758 πάθος
579 3678 642 3766 γὰρ
666 3687 765 3746 τοῦτο
788 3688 850 3767 μιᾷ
872 3678 971 3746 πόλει
990 3674 1154 3767 Ἑλληνίδι
1178 3679 1215 3746 ἐν

57 3787 164 3861 ’ίσαις
196 3776 337 3870 ἡμέραις
366 3788 526 3869 μέγιστον
556 3781 594 3872 δὴ
624 3791 690 3848 τίον
723 3781 809 3848 κατὰ
839 3781 899 3849 τὸν
931 3780 1084 3866 πόλεμον
1116 3781 1213 3850 τόνδε

59 3889 217 3974 ἐγένετο.
265 3887 365 3952 11281
387 3886 474 3952 κατὰ
495 3884 559 3972 γὰρ
583 3884 644 3952 τὸν
665 3885 790 3970 χρόνον
813 3895 933 3953 τοῦτον
951 3881 972 3974 ἥ
987 3910 1022 3951 τε
1038 3887 1214 3952 Λακεδαί-

58 4015 147 4076 μων
174 3987 322 4072 μάλιστα
352 3989 392 4078 δίη
422 3997 530 4068 κακῶς
561 3985 681 4077 ἤκουσε
705 3991 775 4054 κτλ.
823 3991 882 4055 VII
909 3993 960 4054 191
993 3997 1054 4055 τοῦ
1086 3983 1118 4054 δ’
1137 3987 1214 4054 ε’πι-

142 4198 162 4261 1)
183 4193 210 4249 δ’
232 4195 272 4251 Eu
294 4197 368 4261 1641,
394 4195 524 4250 1185111
567 4200 578 4264 ΙΙ
626 4197 645 4261 ²)
675 4195 928 4258 lnanlszamssm
955 4193 1001 4248 ἰαί
1026 4195 1165 4248 πλείστων
1187 4195 1214 4248 R

12 4283 19 4292 '
59 4287 150 4341 1641.
1102 4315 1105 4324 .
