2982 4884
260 297 321 359 232
694 331 737 340 -
785 295 868 377 1311]
918 331 959 340 -

259 481 295 548 τὸ
321 483 398 564 „nei
420 481 507 571 χρη“
532 480 638 549 πάλιν
659 476 918 573 (κάνταῦθα)
949 487 1104 566 κείμενον
1133 481 1192 548 ἐπὶ
1221 483 1385 568 τελευτηςς

258 588 300 654 of.
324 609 358 672 p.
378 591 470 652 56212
492 581 677 653 ἀντίκειται
698 585 762 675 γὰρ
785 585 824 675 δὴ
848 585 954 653 πάλιν
977 582 1155 654 κάνταῦθα
1171 587 1242 651 κτλ.
1289 589 1385 669 58511,

262 695 356 756 10651
384 691 442 754 καλ
468 687 533 778 γὰρ
565 688 717 757 ἐνταῦθα
746 687 863 758 πάλιν.
910 691 985 757 Mox
1014 692 1172 758 voeabula
1200 691 1259 754 καί
1285 687 1341 754 διὰ
1361 693 1390 753 τί

257 815 322 860 uon
344 803 429 862 reete
451 795 612 878 leguntur.
658 796 772 881 Inepte
795 793 880 862 euim
903 794 944 862 de
972 795 1090 862 iisdem
1117 795 1223 862 verbis
1253 795 1312 858 καὶ
1332 790 1389 880 χρη

261 918 324 963 uno
346 904 456 965 tenore
478 898 651 982 quaeritur,
677 919 772 982 quem
793 898 837 964 ad
858 898 954 965 finem
980 901 1082 982 (τίνος
1104 897 1211 982 ἕνεκα)
1238 899 1390 964 arcessita

263 1001 328 1067 siut
349 1009 381 1068 et
403 1022 467 1084 qua
488 1001 530 1069 de
553 1022 650 1068 eausa
677 999 743 1086 (διὰ
766 1007 822 1086 τί).
870 1003 968 1084 Atqui
990 1005 1090 1069 verba
1117 999 1174 1068 διὰ
1195 1006 1229 1066 τί
1249 1003 1303 1069 vel
1325 1003 1390 1068 iooo

259 1125 323 1187 quo
346 1112 473 1172 exstant
495 1113 644 1190 suspecta
662 1105 753 1183 fiunt,
778 1113 888 1172 ooutra
902 1105 1172 1190 praepositionem
1188 1103 1287 1170 ἕνεκα
1302 1105 1392 1170 unios

261 1227 336 1273 vere
358 1208 425 1292 legi
447 1229 518 1274 oum
541 1216 700 1274 structura
721 1209 835 1293 probat
856 1217 923 1274 tum
942 1209 1090 1294 Dionysii
1113 1207 1326 1284 consuetudo
1351 1207 1390 1273 of.

259 1332 290 1395 p.
314 1314 424 1376 102913
448 1305 525 1376 ἀλλ’
544 1307 609 1398 ἄρα
633 1305 666 1396 γ’
684 1309 715 1376 εί
736 1309 781 1398 μὴ
812 1318 873 1378 τοῦ
901 1305 1102 1396 ἀναγκαίου,
1137 1309 1281 1387 κάλλους
1311 1334 1347 1395 γε
1376 1304 1392 1396 ἢ

261 1420 326 1479 τῶν
356 1410 469 1480 δι’λλων
497 1412 589 1492 τινὸς
617 1421 684 1481 τῶν
714 1413 888 1481 ἐπιθέτων
916 1413 1039 1481 ἕνεκα
1073 1411 1209 1498 κόσμων
1242 1418 1393 1500 παρεί-

258 1517 418 1603 ληπται
439 1514 477 1582 τὸ
494 1519 601 1585 κῶλον
616 1512 707 1604 αὐτῷ
721 1522 828 1596 τουτί;
859 1522 968 1584 103311
992 1525 1053 1585 τοῦ
1067 1513 1097 1583 δ’
1117 1513 1278 1606 ἀσφαλῶς
1293 1522 1390 1604 βῆναι

258 1616 318 1706 τὴν
340 1621 502 1706 περίοδον
525 1620 647 1688 ἕνεκα
669 1622 727 1686 καὶ
749 1615 894 1698 οὐθενὸς
919 1616 1161 1706 ἀναγκαίου..
1183 1671 1190 1685 .
1217 1625 1390 1706 προσεί-

258 1725 414 1810 ληπται
436 1721 474 1790 τὸ
500 1722 624 1812 ηΠαρὰ
646 1731 712 1792 τῶν
734 1719 985 1792 δκουσάντων“.
1033 1729 1125 1792 62811
1145 1719 1271 1792 Ἰσαῖον
1294 1725 1392 1800 εἴτις

259 1825 367 1914 ἔροιτό
391 1852 433 1911 με
456 1832 571 1906 τίνος
594 1827 716 1895 ἕνεκα
740 1833 971 1917 προσεθέμην.
1018 1829 1109 1897 Idem
1132 1829 1246 1895 suadet
1268 1828 1392 1895 medela

258 1930 368 1997 ultimo
384 1932 453 1997 eolo
468 1931 653 1998 adhibenda
675 1929 805 2019 πότερα
821 1930 929 2020 (τοῦ)
945 1937 1160 2018 σαφεστέραν
1178 1939 1322 2018 ποιησαι
1336 1928 1391 2018 τὴν

258 2034 436 2120 περίοδον;
464 2034 505 2100 ei.
531 2056 564 2119 p.
582 2038 692 2101 103311
716 2042 790 2101 τοῦ
813 2030 846 2100 δ’
862 2030 1023 2122 ἀσφαλῶς
1038 2039 1141 2122 βῆναι
1154 2031 1214 2122 τὴν
1233 2035 1391 2121 περίοδον

258 2134 366 2202 ἕνεκα.
413 2137 492 2203 Inde
516 2137 652 2204 efficitur
675 2139 774 2204 verba
796 2135 852 2203 διὰ
875 2142 908 2202 τί
930 2139 1021 2205 soioli
1044 2139 1207 2222 glossema
1228 2137 1331 2204 fuisse
1352 2137 1389 2203 ad

258 2245 349 2316 τίνος
377 2238 474 2306 ἕνεκα
497 2248 616 2308 temere
647 2240 859 2326 adscriptum
893 2242 977 2326 quod
1002 2261 1073 2307 eum
1097 2242 1131 2307 iu
1158 2249 1282 2308 textum
1311 2243 1388 2307 maie

257 2343 459 2428 reciperetur,
486 2344 645 2429 particula
659 2348 717 2409 καί
734 2343 845 2410 addita
861 2352 922 2410 est.
970 2343 1076 2410 Simili
1098 2344 1203 2424 modo,
1229 2344 1262 2409 ni
1286 2345 1385 2415 failor,

257 2446 313 2509 καλ
336 2452 434 2510 τοῦτο
458 2445 501 2511 εδ
523 2447 687 2530 glossema
709 2447 846 2513 accessit
867 2468 899 2531 p.
919 2451 1011 2513 23411
1034 2451 1309 2534 προκεχείρισται
1331 2445 1387 2533 γὰρ

258 2546 294 2613 ἐν
316 2559 388 2624 τοῖς
409 2544 557 2630 μάλιστα
585 2551 651 2633 [καί
673 2556 773 2616 τοῦτο
796 2547 863 2635 πρὸ
882 2546 1031 2634 πάντων]
1059 2561 1130 2627 τοῖς
1148 2555 1326 2634 νεωτέροις
1347 2549 1389 2626 είς

256 2648 402 2740 γραφήν.
450 2651 642 2720 Sohaeferus
670 2655 778 2721 melet.
804 2653 902 2720 aritio.
929 2676 962 2739 p.
984 2660 1023 2719 15
1038 2656 1101 2720 ita:
1134 2655 1269 2722 Notetur
1292 2655 1387 2720 abuu-

255 2755 366 2821 dantia
388 2754 548 2822 diotiouis.

339 2931 372 2996 p.
394 2915 520 2977 1033εεε
542 2908 693 2978 Συνιδὼν
716 2905 823 2978 οὐδὲν
845 2908 922 2978 οὔτε
938 2911 1050 2997 σοφὸν
1067 2907 1144 2978 οὔτε
1159 2909 1387 2999 asperrimis

173 3067 175 3074 r
258 3013 392 3102 γνώμην
414 3013 568 3097 ἔχουσαν,
597 3009 683 3102 ὅπερ
708 3009 804 3098 οἶμαι
825 3012 949 3081 λοιπὸν
970 3005 1021 3104 ἦν,
1047 3017 1107 3082 iao.
1134 3017 1232 3082 olirt.
1258 3025 1316 3104 τῆς
1338 3015 1386 3100 ἕρ-

254 3123 393 3204 μηνείας
416 3113 521 3204 αὐτὴν
544 3112 677 3204 ἡδύνειν
690 3115 851 3201 βούλεται
870 3120 923 3201 (so.
939 3117 1113 3203 Πλάτων).
1153 3119 1243 3185 Duoe
1259 3119 1385 3204 Sylbur-

254 3221 317 3304 gio,
344 3222 398 3304 qui
422 3227 468 3306 τῷ
490 3222 720 3306 καλλωπισμῷ
742 3227 801 3309 τῆς
817 3219 994 3309 ἑρμηνείας
1015 3221 1221 3288 scribendum
1244 3221 1381 3299 oouieoit,

253 3323 326 3407 lego
357 3319 427 3410 (τῷ
449 3321 614 3411 κάλλει)
639 3330 697 3410 τῆς
720 3321 898 3410 ἑρμηνείας
921 3318 1027 3410 αὐτὴν
1055 3317 1191 3411 ἡδύνειν
1219 3323 1380 3406 βούλεται,

253 3427 293 3491 ol.
318 3448 349 3511 p.
369 3432 422 3491 151
445 3432 479 3491 τί
501 3417 562 3494 οὖν
583 3429 738 3493 λείπεται
759 3423 804 3514 μὴ
829 3422 903 3510 οὐχί
926 3425 987 3516 τὴν
1009 3425 1173 3494 σύνθεσιν
1198 3435 1272 3494 τοῦ
1294 3425 1383 3493 κάλ-

255 3530 352 3605 λους
383 3536 453 3616 τῆς
476 3528 705 3616 ἑρμηνείας
729 3529 926 3610 αίτιᾶσθαις
961 3533 1030 3598 3210
1053 3529 1102 3608 είς
1124 3537 1207 3616 γοῦν
1228 3524 1349 3619 ἡδονὴν
1369 3525 1383 3614 ἢ

254 3630 408 3710 κάλλος
431 3631 674 3720 ἑρμηνείας.
725 3639 813 3700 11715
843 3631 1025 3711 κάλλους
1053 3632 1284 3722 ἑρμηνείας
1306 3633 1383 3700 εἵνε-

256 3761 323 3802 κεν.
372 3742 450 3801 5411
473 3734 509 3800 τὸ
527 3735 650 3813 κάλλος
672 3743 731 3824 τῆς
754 3731 974 3822 ἀπαγγελίας.
1019 3742 1114 3803 10651
1137 3735 1175 3804 τὸ
1191 3735 1312 3814 κάλλος
1330 3789 1336 3801 .
1352 3787 1378 3800 ..

256 3847 320 3906 τῶν
343 3833 530 3922 ὀνομάτων.
555 3879 599 3887 -
621 3839 803 3924 Sequuntur
825 3842 922 3908 haeo:

339 4018 371 4081 p.
394 3999 519 4062 1033⁵ss
535 3989 673 4060 Ἔπειθ’
692 3991 805 4081 ὥσπερ
829 3993 870 4061 τὰ
892 3992 1050 4082 μειράκια
1072 3993 1224 4078 καταβὰς
1240 3991 1306 4060 ἀπὸ
1324 4001 1380 4058 τῶν

252 4105 419 4183 γενναίων
440 4100 498 4164 καὶ
519 4100 790 4184 μεγαλοπρεπῶν
806 4092 984 4182 ὀνομάτων
1006 4123 1041 4164 τε
1064 4101 1121 4164 καὶ
1137 4098 1315 4186 σχημάτων
1329 4095 1379 4162 ἐπὶ

255 4198 296 4264 τὰ
320 4198 486 4287 Ἰίίεατρικδι
514 4200 556 4266 τὰ
581 4206 738 4287 Γοργίεια
761 4203 857 4268 ταυτί
884 4205 1126 4288 παραγίνεται·
1163 4198 1236 4279 τὰς
1269 4197 1378 4266 ἀντι-
