2994 4890
253 356 313 420 1so
689 391 733 404 -
779 355 864 438 [τοι]
911 390 955 402 -

254 535 441 618 ἇκοόοντας
463 548 502 626 τῇ
526 540 723 629 δημηγορίᾳ.
765 534 809 617 ὡς
839 539 876 606 δέ
899 533 1048 627 τάληθές
1070 538 1156 622 ἔχει,
1190 536 1302 605 όκαί
1326 539 1386 621 [καὶ

251 665 314 712 om.
339 645 382 728 M]
418 640 716 729 παλαιότερον
745 642 834 710 αἰεί
863 667 903 708 τι
932 642 1244 730 θαυμαζομένη
1279 635 1307 724 [ό
1336 643 1387 706 καί

251 745 482 834 παλαιότερον
505 742 558 813 ἀεί
580 742 845 831 θαυμαζόμενος
858 747 897 831 R]
923 745 1131 834 Θουκυδίδης
1153 741 1304 828 τοόνομα
1320 746 1388 812 δαι-

250 847 458 932 μονιώτατος
481 857 547 916 των
570 855 794 938 συγγραφέων
816 849 853 917 έν
874 874 910 916 τε
933 857 980 936 τῷ
1003 849 1177 936 ἐπιταφίῳ
1192 849 1250 914 καὶ
1267 846 1305 914 έν
1319 860 1388 925 ταῖς

250 952 470 1040 δημηγορίαις
485 961 642 1041 ποιητικῇ
657 961 846 1039 κατασκευῇ
860 953 1072 1041 χρησάμενος
1089 952 1125 1020 έν
1140 953 1282 1029 πολλοῖς
1299 950 1388 1039 ἐξηλ-

250 1057 329 1135 λαξε
359 1053 420 1144 την
449 1055 628 1144 ἑρμηνείαν
656 1057 706 1134 εἰς
736 1053 838 1142 όγκον
867 1051 937 1140 ἅμα
967 1057 1023 1122 καί
1057 1053 1186 1139 κόσμον
1214 1049 1389 1138 ὀνομάτων

251 1152 461 1247 ἀηθέστερον
482 1161 559 1226 Fhl.
612 1161 719 1227 Verba
749 1181 833 1244 quae
863 1159 1020 1244 exscripsi
1053 1159 1134 1224 haec
1162 1159 1292 1224 volunt:
1328 1178 1387 1224 non

250 1261 398 1346 Gorgias,
426 1262 483 1330 scd
498 1263 705 1348 Thucydides
726 1263 849 1348 primus
871 1263 1030 1347 poeticam
1053 1268 1086 1328 et
1101 1261 1260 1346 tropicam
1277 1261 1389 1327 dictio-

250 1385 323 1430 nem
336 1365 470 1432 Athenis
486 1365 643 1431 adhibuit.
673 1364 764 1443 Quae
779 1366 940 1432 sententia
950 1365 1012 1432 etsi
1023 1383 1177 1449 perversa
1188 1369 1274 1430 ocrto
1285 1371 1389 1430 tanen

250 1467 399 1552 Dionysii
415 1475 475 1534 est.
512 1468 594 1536 Vide
609 1469 777 1553 quomodo.
809 1469 917 1536 Verba
930 1468 1064 1534 landate
1078 1467 1270 1552 Dionysium
1291 1467 1390 1534 eredi-

249 1569 336 1636 dissc
351 1572 487 1655 probant
497 1571 720 1657 Thucydidem
737 1572 882 1655 singulas
897 1591 950 1638 res
963 1571 1081 1654 statim,
1097 1578 1266 1655 postquam
1281 1575 1390 1653 ςεείιιε

249 1681 340 1755 sunt,
371 1674 417 1740 ita
438 1675 686 1759 perscripsisse,
716 1682 751 1740 ut
772 1695 857 1740 nuno
880 1675 1044 1758 leguntur;
1079 1673 1229 1740 nimirum
1252 1673 1389 1756 Gorgias

249 1797 334 1844 anno
351 1781 412 1842 427
429 1767 574 1844 Athenas
588 1777 687 1860 venit,
714 1797 775 1861 quo
799 1783 941 1862 tempore
964 1776 1107 1843 funebris
1120 1775 1232 1852 ¹oratio
1253 1775 1392 1842 nonnul-

248 1881 363 1964 laequo
378 1879 581 1964 demogoriao
596 1880 724 1948 habitae
739 1881 805 1945 iam
821 1886 921 1946 erant.
958 1879 1049 1946 Idem
1065 1879 1171 1965 planis
1186 1879 1298 1946 verbis
1313 1879 1391 1946 dicit

249 2004 283 2068 p.
303 1986 409 2050 867εεε
432 1983 597 2050 διετέλεσέ
619 1987 657 2068 γέ
679 2007 732 2049 τοι
754 1981 814 2050 τὸν
839 1981 1160 2069 ἑπτακαιεικοσαετῆ
1183 1979 1312 2068 χρόνον
1333 1989 1392 2047 τοῦ

249 2086 402 2169 πολέμου
425 2079 494 2152 δπό
518 2092 577 2174 τῆς
600 2079 705 2173 ἀρχῆς
727 2085 791 2162 ἕως
813 2093 872 2173 τῆς
894 2087 1049 2172 τελευτῆς
1071 2081 1132 2161 τὰς
1147 2078 1235 2151 ὀκτὼ
1249 2086 1390 2168 βίβλους

249 2187 289 2266 ἃς
311 2187 418 2272 μόνας
440 2191 601 2256 κατέλιπε
625 2193 783 2276 στρέφων
804 2184 874 2256 dno
905 2189 963 2254 καὶ
984 2185 1087 2254 κάτω.
1133 2187 1213 2256 Inde
1244 2189 1390 2272 sequitur

247 2291 436 2358 adverbium
458 2290 688 2378 παλαιότερον
710 2292 885 2376 genuinum
907 2312 991 2359 esse.
1037 2293 1108 2358 Iam
1137 2291 1199 2359 hoc
1228 2293 1390 2376 sagaciter

249 2392 440 2479 Sylburgius
462 2395 627 2480 perspexit
648 2416 705 2481 pro
735 2396 887 2478 volgatae
917 2394 1054 2462 lectione
1083 2393 1316 2478 παλαιότερον
1339 2389 1391 2460 ἀεί

250 2498 453 2564 scribendum
476 2519 549 2565 esse
573 2495 804 2584 παλαιότερον
829 2497 896 2579 έτι,
929 2518 1025 2583 quaro
1055 2498 1272 2565 coniecturum
1304 2497 1391 2565 codi-

248 2619 320 2666 cum
337 2608 487 2686 corrupta
507 2602 602 2668 lcoiio
624 2599 855 2686 παλαιότερον
876 2599 944 2666 αἰεί
966 2625 999 2666 τι
1027 2599 1104 2682 (αἰεί
1129 2625 1171 2682 τι,
1198 2600 1237 2664 αἲ
1256 2625 1300 2682 τι,
1328 2600 1386 2684 ἔτι]

248 2703 379 2786 egregie
401 2703 576 2770 confirmat.
623 2705 772 2771 Ceterum
795 2724 835 2770 cx
851 2704 1087 2787 Antiquitatum
1110 2703 1279 2788 exemplis,
1308 2725 1390 2788 qnae

247 2806 337 2872 iham
361 2807 553 2873 locutionem
576 2807 733 2892 Dionysio
759 2808 947 2874 sollemnem
975 2827 1048 2874 esse
1078 2808 1232 2892 pmbant,
1265 2809 1390 2875 scribas

249 2909 458 2994 παλαίτερον
486 2907 550 2991 ἔτι,
583 2909 626 2976 of.
651 2912 691 2975 A.
716 2911 756 2976 R.
781 2911 861 2975 140
891 2930 925 2994 p.
950 2911 1020 2976 4814
1048 2910 1176 2976 Kiessl:
1217 2904 1391 2996 Εὔανδρος

248 3011 285 3080 δέ
307 3014 516 3099 παλαίτερον
539 3013 589 3078 ἔτι
617 3020 676 3101 τῆς
701 3012 846 3096 Θέμιδος
875 3007 1026 3100 ἀκηκοὼς
1056 3009 1256 3100 διεξιούσης.
1296 3034 1325 3080 ο.
1351 3016 1389 3078 88

248 3136 280 3201 p.
309 3120 394 3180 11411
421 3114 482 3203 τὴν
503 3110 632 3202 ἡμέραν
658 3113 783 3203 ταύτην
806 3115 857 3182 ἔτι
878 3116 1088 3202 παλαίτερον
1117 3113 1154 3182 έν
1184 3109 1391 3191 εὐπαθείαις

247 3215 432 3304 διάγοντες.
471 3220 521 3284 ΠΙ
544 3223 581 3284 61
607 3240 640 3303 p.
666 3223 755 3285 301s1
791 3221 1000 3304 παλαίτερον
1022 3217 1073 3284 έτι
1105 3225 1163 3303 τῆς
1198 3225 1392 3303 Ταρκυνίου

248 3319 447 3396 δυναστείας
477 3322 630 3398 πελέκεις
662 3318 791 3388 δώδεκα
824 3318 893 3408 πρὸ
923 3328 989 3388 τῶν
1019 3323 1189 3404 βασιλέων
1218 3325 1392 3408 φέρεσθαί

249 3443 366 3510 φασιν.
400 3425 477 3490 VIII
496 3428 534 3489 16
557 3445 590 3509 p.
606 3429 694 3490 11917
719 3424 751 3490 οἱ
773 3422 837 3510 γὰρ
862 3421 1047 3511 ἅνθρωποι
1068 3421 1110 3489 τὰ
1133 3425 1298 3492 πλείστου
1312 3420 1390 3504 ἄξια

249 3524 538 3610 συσκευασάμενοι
560 3528 770 3614 παλαίτερον
792 3527 842 3593 ἔτι
864 3525 1174 3614 κατεπεφεύγεσαν.

334 3631 403 3696 Iam
434 3651 454 3696 a
483 3631 591 3698 verbis
626 3631 834 3716 παλαίτερον
866 3629 917 3696 ἔτι
948 3631 1228 3716 progredientibus
1261 3630 1302 3696 de
1336 3649 1391 3696 ec-

248 3733 324 3800 teris
358 3733 548 3802 videndum:
583 3732 682 3800 όκαὶ
712 3734 920 3818 παλαίτερον
943 3730 993 3798 έτι
1020 3731 1268 3818 θαυμαζομένη
1301 3733 1391 3797 Θου-

248 3836 385 3924 κυδίδης
418 3833 579 3920 τοόνομα.
632 3837 862 3904 Ambrosianus
895 3835 1086 3922 particulam
1122 3836 1181 3900 καλ
1212 3834 1391 3902 reodosimc

248 3940 374 4008 omittit.
422 3939 597 4026 Dionysius
620 3946 705 4006 oerte
734 3960 797 4006 non
820 3939 903 4006 dixit
931 3939 996 4005 vel
1025 3939 1113 4024 prins
1136 3937 1234 4005 etiam
1257 3936 1391 4022 Thucy-

247 4044 358 4110 didem
381 4046 577 4112 celebratum
600 4063 689 4122 essc;
716 4063 777 4110 neo
792 4043 984 4109 contrarium
1004 4035 1047 4118 ὡς
1062 4041 1125 4125 μέν
1143 4037 1289 4123 Τίμαιός
1303 4061 1390 4128 φησι

249 4147 439 4232 particulam
469 4152 526 4212 καί
547 4147 677 4233 patitur.
725 4148 896 4232 Perperam
923 4145 1022 4230 igitur
1043 4145 1077 4211 in
1098 4145 1285 4210 Florentino
1306 4143 1389 4210 haec

251 4249 444 4336 interpolata
466 4258 525 4316 est.
566 4249 705 4317 Maxime
720 4270 813 4335 porro
830 4251 962 4316 verbum
977 4247 1223 4334 θαυμαζομένη
1239 4245 1386 4326 offendit;
