<?xml version="1.0" encoding="UTF-8"?>
<!DOCTYPE html PUBLIC "-//W3C//DTD XHTML 1.0 Transitional//EN"
    "http://www.w3.org/TR/xhtml1/DTD/xhtml1-transitional.dtd">
<html xmlns="http://www.w3.org/1999/xhtml" xml:lang="en" lang="en">
 <head>
  <title>
</title>
<meta http-equiv="Content-Type" content="text/html;charset=utf-8" />
  <meta name='ocr-system' content='tesseract 3.04.00' />
  <meta name='ocr-capabilities' content='ocr_page ocr_carea ocr_par ocr_line ocrx_word'/>
</head>
<body>
  <div class='ocr_page' id='page_1' title='image "./dissertationesp02unkngoog/dissertationesp02unkngoog_0068.png"; bbox 0 0 3048 4898; ppageno 0'>
   <div class='ocr_carea' id='block_1_1' title="bbox 641 1558 671 1641">
    <p class='ocr_par' dir='ltr' id='par_1_1' title="bbox 641 1558 671 1641">
     <span class='ocr_line' id='line_1_1' title="bbox 641 1558 671 1641; baseline 0.033 -1"><span class='ocrx_word' id='word_1_1' title='bbox 641 1558 671 1641; x_wconf 93' lang='lat' dir='ltr'><strong>I.</strong></span> 
     </span>
    </p>
   </div>
   <div class='ocr_carea' id='block_1_2' title="bbox 103 1817 1229 4046">
    <p class='ocr_par' dir='ltr' id='par_1_2' title="bbox 103 1817 1229 4046">
     <span class='ocr_line' id='line_1_2' title="bbox 178 1817 1226 1904; baseline 0.002 -22"><span class='ocrx_word' id='word_1_2' title='bbox 178 1817 238 1882; x_wconf 88' lang='lat' dir='ltr'><strong>Diu</strong></span> <span class='ocrx_word' id='word_1_3' title='bbox 264 1818 460 1901; x_wconf 85' lang='lat' dir='ltr'><strong>multumque</strong></span> <span class='ocrx_word' id='word_1_4' title='bbox 481 1837 503 1884; x_wconf 86' lang='lat' dir='ltr'><strong>o</strong></span> <span class='ocrx_word' id='word_1_5' title='bbox 524 1818 599 1884; x_wconf 83' lang='lat' dir='ltr'><strong>viris</strong></span> <span class='ocrx_word' id='word_1_6' title='bbox 627 1818 729 1884; x_wconf 88' lang='lat' dir='ltr'><strong>doctis</strong></span> <span class='ocrx_word' id='word_1_7' title='bbox 751 1819 923 1902; x_wconf 79' lang='lat' dir='ltr'><strong>cogitatum</strong></span> <span class='ocrx_word' id='word_1_8' title='bbox 946 1825 995 1885; x_wconf 87' lang='lat' dir='ltr'><strong>est</strong></span> <span class='ocrx_word' id='word_1_9' title='bbox 1017 1821 1226 1904; x_wconf 77' lang='lat' dir='ltr'><strong>disputatum·</strong></span> 
     </span>
     <span class='ocr_line' id='line_1_3' title="bbox 103 1923 1227 2010; baseline 0.004 -23"><span class='ocrx_word' id='word_1_10' title='bbox 103 1945 166 2008; x_wconf 88' lang='lat' dir='ltr'><strong>que,</strong></span> <span class='ocrx_word' id='word_1_11' title='bbox 194 1945 255 2008; x_wconf 85' lang='lat' dir='ltr'><strong>qne</strong></span> <span class='ocrx_word' id='word_1_12' title='bbox 280 1926 405 1991; x_wconf 84' lang='lat' dir='ltr'><strong>ratione</strong></span> <span class='ocrx_word' id='word_1_13' title='bbox 432 1945 471 1990; x_wconf 89' lang='lat' dir='ltr'><strong>ea</strong></span> <span class='ocrx_word' id='word_1_14' title='bbox 497 1945 578 2010; x_wconf 83' lang='lat' dir='ltr'><strong>quse</strong></span> <span class='ocrx_word' id='word_1_15' title='bbox 604 1925 699 1990; x_wconf 88' lang='lat' dir='ltr'><strong>hodie</strong></span> <span class='ocrx_word' id='word_1_16' title='bbox 727 1923 929 2010; x_wconf 83' lang='lat' dir='ltr'><strong>Theognidoa</strong></span> <span class='ocrx_word' id='word_1_17' title='bbox 955 1925 1227 2006; x_wconf 87' lang='lat' dir='ltr'><strong>circumferuntur,</strong></span> 
     </span>
     <span class='ocr_line' id='line_1_4' title="bbox 103 2032 1227 2117; baseline 0.004 -21"><span class='ocrx_word' id='word_1_18' title='bbox 103 2039 235 2115; x_wconf 80' lang='lat' dir='ltr'><strong>congesta</strong></span> <span class='ocrx_word' id='word_1_19' title='bbox 261 2039 365 2098; x_wconf 84' lang='lat' dir='ltr'><strong>essent</strong></span> <span class='ocrx_word' id='word_1_20' title='bbox 393 2037 425 2097; x_wconf 93' lang='lat' dir='ltr'><strong>et</strong></span> <span class='ocrx_word' id='word_1_21' title='bbox 452 2033 583 2116; x_wconf 75' lang='lat' dir='ltr'><strong>digesta.</strong></span> <span class='ocrx_word' id='word_1_22' title='bbox 635 2032 741 2116; x_wconf 82' lang='lat' dir='ltr'><strong>Atque</strong></span> <span class='ocrx_word' id='word_1_23' title='bbox 767 2053 838 2100; x_wconf 79' lang='lat' dir='ltr'><strong>crim</strong></span> <span class='ocrx_word' id='word_1_24' title='bbox 863 2052 928 2098; x_wconf 90' lang='lat' dir='ltr'><strong>non</strong></span> <span class='ocrx_word' id='word_1_25' title='bbox 953 2035 1047 2117; x_wconf 79' lang='lat' dir='ltr'><strong>pauci</strong></span> <span class='ocrx_word' id='word_1_26' title='bbox 1074 2035 1114 2099; x_wconf 92' lang='lat' dir='ltr'><strong>de</strong></span> <span class='ocrx_word' id='word_1_27' title='bbox 1140 2039 1227 2100; x_wconf 82' lang='lat' dir='ltr'><strong>certo</strong></span> 
     </span>
     <span class='ocr_line' id='line_1_5' title="bbox 104 2138 1227 2225; baseline 0.002 -21"><span class='ocrx_word' id='word_1_28' title='bbox 104 2139 232 2219; x_wconf 77' lang='lat' dir='ltr'><strong>quedem,</strong></span> <span class='ocrx_word' id='word_1_29' title='bbox 254 2159 318 2222; x_wconf 85' lang='lat' dir='ltr'><strong>qua</strong></span> <span class='ocrx_word' id='word_1_30' title='bbox 340 2138 518 2224; x_wconf 80' lang='lat' dir='ltr'><strong>fragmenta</strong></span> <span class='ocrx_word' id='word_1_31' title='bbox 540 2139 596 2205; x_wconf 82' lang='lat' dir='ltr'><strong>illa</strong></span> <span class='ocrx_word' id='word_1_32' title='bbox 613 2139 785 2225; x_wconf 78' lang='lat' dir='ltr'>elegiarum</span> <span class='ocrx_word' id='word_1_33' title='bbox 803 2139 950 2206; x_wconf 85' lang='lat' dir='ltr'><strong>ordinata</strong></span> <span class='ocrx_word' id='word_1_34' title='bbox 967 2146 1081 2218; x_wconf 80' lang='lat' dir='ltr'><strong>essent,</strong></span> <span class='ocrx_word' id='word_1_35' title='bbox 1103 2141 1227 2206; x_wconf 84' lang='lat' dir='ltr'><strong>ratione</strong></span> 
     </span>
     <span class='ocr_line' id='line_1_6' title="bbox 105 2246 1227 2331; baseline 0.004 -23"><span class='ocrx_word' id='word_1_36' title='bbox 105 2246 266 2330; x_wconf 82' lang='lat' dir='ltr'><strong>indaganda</strong></span> <span class='ocrx_word' id='word_1_37' title='bbox 288 2247 501 2330; x_wconf 74' lang='lat' dir='ltr'><strong>desperarent</strong></span> <span class='ocrx_word' id='word_1_38' title='bbox 524 2247 672 2314; x_wconf 84' lang='lat' dir='ltr'><strong>exstitere</strong></span> <span class='ocrx_word' id='word_1_39' title='bbox 690 2249 746 2331; x_wconf 86' lang='lat' dir='ltr'><strong>qui</strong></span> <span class='ocrx_word' id='word_1_40' title='bbox 768 2248 861 2312; x_wconf 88' lang='lat' dir='ltr'><strong>nimie</strong></span> <span class='ocrx_word' id='word_1_41' title='bbox 883 2251 994 2330; x_wconf 86' lang='lat' dir='ltr'><strong>argute</strong></span> <span class='ocrx_word' id='word_1_42' title='bbox 1012 2252 1098 2314; x_wconf 88' lang='lat' dir='ltr'><strong>certo</strong></span> <span class='ocrx_word' id='word_1_43' title='bbox 1117 2248 1227 2312; x_wconf 86' lang='lat' dir='ltr'>ordine</span> 
     </span>
     <span class='ocr_line' id='line_1_7' title="bbox 104 2351 1229 2438; baseline 0.003 -21"><span class='ocrx_word' id='word_1_44' title='bbox 104 2351 290 2438; x_wconf 81' lang='lat' dir='ltr'><strong>Theognides</strong></span> <span class='ocrx_word' id='word_1_45' title='bbox 329 2355 503 2438; x_wconf 81' lang='lat' dir='ltr'><strong>composita</strong></span> <span class='ocrx_word' id='word_1_46' title='bbox 542 2374 610 2420; x_wconf 90' lang='lat' dir='ltr'><strong>esse</strong></span> <span class='ocrx_word' id='word_1_47' title='bbox 646 2353 880 2420; x_wconf 88' lang='lat' dir='ltr'><strong>contenderent</strong></span> <span class='ocrx_word' id='word_1_48' title='bbox 943 2353 980 2418; x_wconf 93' lang='lat' dir='ltr'><strong>In</strong></span> <span class='ocrx_word' id='word_1_49' title='bbox 1016 2353 1131 2438; x_wconf 84' lang='lat' dir='ltr'><strong>quihus</strong></span> <span class='ocrx_word' id='word_1_50' title='bbox 1167 2353 1229 2420; x_wconf 88' lang='lat' dir='ltr'><strong>fuit</strong></span> 
     </span>
     <span class='ocr_line' id='line_1_8' title="bbox 104 2457 1227 2545; baseline 0.002 -23"><span class='ocrx_word' id='word_1_51' title='bbox 104 2457 343 2538; x_wconf 84' lang='lat' dir='ltr'><strong>Nietzeohius,</strong></span> <span class='ocrx_word' id='word_1_52' title='bbox 365 2461 420 2545; x_wconf 90' lang='lat' dir='ltr'><strong>qui</strong></span> <span class='ocrx_word' id='word_1_53' title='bbox 442 2463 475 2526; x_wconf 91' lang='lat' dir='ltr'><strong>in</strong></span> <span class='ocrx_word' id='word_1_54' title='bbox 499 2460 720 2528; x_wconf 73' lang='lat' dir='ltr'><strong>dissertatione</strong></span> <span class='ocrx_word' id='word_1_55' title='bbox 742 2460 821 2527; x_wconf 88' lang='lat' dir='ltr'><strong>Mus.</strong></span> <span class='ocrx_word' id='word_1_56' title='bbox 839 2460 937 2526; x_wconf 87' lang='lat' dir='ltr'><strong>Rhen</strong></span> <span class='ocrx_word' id='word_1_57' title='bbox 961 2459 1039 2526; x_wconf 83' lang='lat' dir='ltr'><strong>Nor.</strong></span> <span class='ocrx_word' id='word_1_58' title='bbox 1058 2461 1116 2527; x_wconf 87' lang='lat' dir='ltr'><strong>vol.</strong></span> <span class='ocrx_word' id='word_1_59' title='bbox 1135 2461 1227 2526; x_wconf 85' lang='lat' dir='ltr'>XXII</span> 
     </span>
     <span class='ocr_line' id='line_1_9' title="bbox 104 2565 1226 2655; baseline 0.001 -24"><span class='ocrx_word' id='word_1_60' title='bbox 104 2586 127 2647; x_wconf 90' lang='lat' dir='ltr'><strong>p.</strong></span> <span class='ocrx_word' id='word_1_61' title='bbox 136 2567 190 2632; x_wconf 82' lang='lat'><strong>161</strong></span> <span class='ocrx_word' id='word_1_62' title='bbox 202 2589 268 2651; x_wconf 87' lang='lat' dir='ltr'><strong>sqq.</strong></span> <span class='ocrx_word' id='word_1_63' title='bbox 282 2568 402 2634; x_wconf 87' lang='lat' dir='ltr'><strong>inserta</strong></span> <span class='ocrx_word' id='word_1_64' title='bbox 414 2569 501 2655; x_wconf 74' lang='lat' dir='ltr'><strong>(Zur</strong></span> <span class='ocrx_word' id='word_1_65' title='bbox 511 2567 698 2635; x_wconf 85' lang='lat' dir='ltr'><strong>Geschiohte</strong></span> <span class='ocrx_word' id='word_1_66' title='bbox 712 2568 769 2634; x_wconf 92' lang='lat' dir='ltr'><strong>der</strong></span> <span class='ocrx_word' id='word_1_67' title='bbox 782 2567 1074 2652; x_wconf 85' lang='lat' dir='ltr'><strong>Theognideischen</strong></span> <span class='ocrx_word' id='word_1_68' title='bbox 1088 2565 1226 2651; x_wconf 86' lang='lat' dir='ltr'><strong>Spruch·</strong></span> 
     </span>
     <span class='ocr_line' id='line_1_10' title="bbox 104 2672 1227 2760; baseline -0.002 -20"><span class='ocrx_word' id='word_1_69' title='bbox 104 2674 269 2760; x_wconf 79' lang='lat' dir='ltr'><strong>nnnlung.</strong></span> <span class='ocrx_word' id='word_1_70' title='bbox 294 2675 368 2760; x_wconf 85' lang='lat' dir='ltr'><strong>Cep.</strong></span> <span class='ocrx_word' id='word_1_71' title='bbox 387 2675 410 2740; x_wconf 92' lang='lat' dir='ltr'><strong>I.</strong></span> <span class='ocrx_word' id='word_1_72' title='bbox 433 2675 492 2741; x_wconf 90' lang='lat' dir='ltr'><strong>Die</strong></span> <span class='ocrx_word' id='word_1_73' title='bbox 516 2677 610 2742; x_wconf 83' lang='lat' dir='ltr'><strong>letzte</strong></span> <span class='ocrx_word' id='word_1_74' title='bbox 632 2675 806 2742; x_wconf 81' lang='lat' dir='ltr'><strong>Redcction</strong></span> <span class='ocrx_word' id='word_1_75' title='bbox 829 2675 887 2740; x_wconf 90' lang='lat' dir='ltr'><strong>der</strong></span> <span class='ocrx_word' id='word_1_76' title='bbox 909 2672 1134 2760; x_wconf 83' lang='lat' dir='ltr'><strong>Theogniden’)</strong></span> <span class='ocrx_word' id='word_1_77' title='bbox 1157 2695 1227 2740; x_wconf 89' lang='lat' dir='ltr'><strong>sen·</strong></span> 
     </span>
     <span class='ocr_line' id='line_1_11' title="bbox 104 2781 1228 2870; baseline 0 -25"><span class='ocrx_word' id='word_1_78' title='bbox 104 2782 220 2848; x_wconf 81' lang='lat' dir='ltr'><strong>tentiam</strong></span> <span class='ocrx_word' id='word_1_79' title='bbox 251 2783 328 2849; x_wconf 91' lang='lat' dir='ltr'><strong>olim</strong></span> <span class='ocrx_word' id='word_1_80' title='bbox 359 2804 378 2848; x_wconf 88' lang='lat' dir='ltr'><strong>a</strong></span> <span class='ocrx_word' id='word_1_81' title='bbox 411 2782 645 2870; x_wconf 86' lang='lat' dir='ltr'><strong>Welckero¹)</strong></span> <span class='ocrx_word' id='word_1_82' title='bbox 676 2781 832 2866; x_wconf 77' lang='lat' dir='ltr'>prolatam</span> <span class='ocrx_word' id='word_1_83' title='bbox 863 2781 966 2848; x_wconf 90' lang='lat' dir='ltr'><strong>denuo</strong></span> <span class='ocrx_word' id='word_1_84' title='bbox 998 2781 1228 2847; x_wconf 85' lang='lat' dir='ltr'><strong>commendavit</strong></span> 
     </span>
     <span class='ocr_line' id='line_1_12' title="bbox 105 2888 1228 2975; baseline -0.003 -20"><span class='ocrx_word' id='word_1_85' title='bbox 105 2888 303 2975; x_wconf 71' lang='lat' dir='ltr'><strong>sagaciterque</strong></span> <span class='ocrx_word' id='word_1_86' title='bbox 335 2890 491 2956; x_wconf 75' lang='lat' dir='ltr'><strong>exuritem</strong></span> <span class='ocrx_word' id='word_1_87' title='bbox 523 2889 673 2956; x_wconf 84' lang='lat' dir='ltr'><strong>defendit</strong></span> <span class='ocrx_word' id='word_1_88' title='bbox 722 2888 827 2972; x_wconf 87' lang='lat' dir='ltr'><strong>Atque</strong></span> <span class='ocrx_word' id='word_1_89' title='bbox 849 2888 1032 2954; x_wconf 75' lang='lat' dir='ltr'><strong>wolckerus</strong></span> <span class='ocrx_word' id='word_1_90' title='bbox 1059 2910 1130 2954; x_wconf 91' lang='lat' dir='ltr'><strong>cum</strong></span> <span class='ocrx_word' id='word_1_91' title='bbox 1156 2909 1228 2954; x_wconf 89' lang='lat' dir='ltr'><strong>eum</strong></span> 
     </span>
     <span class='ocr_line' id='line_1_13' title="bbox 105 2993 1229 3084; baseline -0.003 -22"><span class='ocrx_word' id='word_1_92' title='bbox 105 2996 203 3078; x_wconf 84' lang='lat' dir='ltr'><strong>quiin</strong></span> <span class='ocrx_word' id='word_1_93' title='bbox 229 2997 413 3064; x_wconf 80' lang='lat' dir='ltr'><strong>adornanda</strong></span> <span class='ocrx_word' id='word_1_94' title='bbox 439 2995 687 3084; x_wconf 72' lang='lat' dir='ltr'><strong>fragmentorum</strong></span> <span class='ocrx_word' id='word_1_95' title='bbox 714 2996 920 3080; x_wconf 83' lang='lat' dir='ltr'><strong>dispositione</strong></span> <span class='ocrx_word' id='word_1_96' title='bbox 949 3001 1090 3062; x_wconf 82' lang='lat' dir='ltr'><strong>versatus</strong></span> <span class='ocrx_word' id='word_1_97' title='bbox 1116 2993 1229 3061; x_wconf 85' lang='lat' dir='ltr'><strong>fuisset</strong></span> 
     </span>
     <span class='ocr_line' id='line_1_14' title="bbox 106 3101 1228 3190; baseline -0.009 -14"><span class='ocrx_word' id='word_1_98' title='bbox 106 3101 246 3175; x_wconf 70' lang='lat' dir='ltr'><strong>‚interiore</strong></span> <span class='ocrx_word' id='word_1_99' title='bbox 277 3108 393 3188; x_wconf 86' lang='lat' dir='ltr'><strong>po&#39;e&#39;tae</strong></span> <span class='ocrx_word' id='word_1_100' title='bbox 424 3105 602 3190; x_wconf 82' lang='lat' dir='ltr'><strong>cognitione</strong></span> <span class='ocrx_word' id='word_1_101' title='bbox 628 3110 724 3188; x_wconf 77' lang='lat' dir='ltr'><strong>atque</strong></span> <span class='ocrx_word' id='word_1_102' title='bbox 751 3109 840 3170; x_wconf 84' lang='lat' dir='ltr'><strong>recte</strong></span> <span class='ocrx_word' id='word_1_103' title='bbox 866 3103 1062 3187; x_wconf 89' lang='lat' dir='ltr'><strong>singulorum</strong></span> <span class='ocrx_word' id='word_1_104' title='bbox 1089 3102 1228 3168; x_wconf 89' lang='lat' dir='ltr'><strong>locorum</strong></span> 
     </span>
     <span class='ocr_line' id='line_1_15' title="bbox 105 3210 1228 3295; baseline -0.001 -21"><span class='ocrx_word' id='word_1_105' title='bbox 105 3211 304 3278; x_wconf 81' lang='lat' dir='ltr'><strong>aestimatione</strong></span> <span class='ocrx_word' id='word_1_106' title='bbox 327 3214 453 3279; x_wconf 89' lang='lat' dir='ltr'><strong>omnino</strong></span> <span class='ocrx_word' id='word_1_107' title='bbox 476 3210 623 3278; x_wconf 83' lang='lat' dir='ltr'><strong>cenrisse’</strong></span> <span class='ocrx_word' id='word_1_108' title='bbox 640 3210 775 3278; x_wconf 86' lang='lat' dir='ltr'><strong>haberet</strong></span> <span class='ocrx_word' id='word_1_109' title='bbox 791 3230 984 3295; x_wconf 82' lang='lat' dir='ltr'><strong>persuasum,</strong></span> <span class='ocrx_word' id='word_1_110' title='bbox 1006 3210 1047 3276; x_wconf 85' lang='lat' dir='ltr'><strong>ad</strong></span> <span class='ocrx_word' id='word_1_111' title='bbox 1066 3216 1228 3274; x_wconf 80' lang='lat' dir='ltr'><strong>externam</strong></span> 
     </span>
     <span class='ocr_line' id='line_1_16' title="bbox 106 3313 1226 3404; baseline -0.002 -23"><span class='ocrx_word' id='word_1_112' title='bbox 106 3313 360 3403; x_wconf 84' lang='lat' dir='ltr'><strong>Theognideorum</strong></span> <span class='ocrx_word' id='word_1_113' title='bbox 378 3319 513 3404; x_wconf 87' lang='lat' dir='ltr'><strong>speciem</strong></span> <span class='ocrx_word' id='word_1_114' title='bbox 535 3319 617 3385; x_wconf 88' lang='lat' dir='ltr'><strong>ediit</strong></span> <span class='ocrx_word' id='word_1_115' title='bbox 635 3317 916 3403; x_wconf 77' lang='lat' dir='ltr'><strong>contemplandam,</strong></span> <span class='ocrx_word' id='word_1_116' title='bbox 939 3318 966 3382; x_wconf 87' lang='lat' dir='ltr'><strong>si</strong></span> <span class='ocrx_word' id='word_1_117' title='bbox 988 3315 1067 3401; x_wconf 91' lang='lat' dir='ltr'><strong>quid</strong></span> <span class='ocrx_word' id='word_1_118' title='bbox 1084 3315 1167 3381; x_wconf 81' lang='lat' dir='ltr'><strong>forte</strong></span> <span class='ocrx_word' id='word_1_119' title='bbox 1185 3315 1226 3380; x_wconf 84' lang='lat' dir='ltr'><strong>eb</strong></span> 
     </span>
     <span class='ocr_line' id='line_1_17' title="bbox 106 3423 1228 3511; baseline 0 -24"><span class='ocrx_word' id='word_1_120' title='bbox 106 3441 138 3487; x_wconf 82' lang='lat' dir='ltr'><strong>ea</strong></span> <span class='ocrx_word' id='word_1_121' title='bbox 156 3424 185 3490; x_wconf 90' lang='lat' dir='ltr'><strong>in</strong></span> <span class='ocrx_word' id='word_1_122' title='bbox 205 3447 238 3492; x_wconf 90' lang='lat' dir='ltr'><strong>re</strong></span> <span class='ocrx_word' id='word_1_123' title='bbox 259 3433 327 3493; x_wconf 83' lang='lat' dir='ltr'><strong>tam</strong></span> <span class='ocrx_word' id='word_1_124' title='bbox 350 3424 473 3492; x_wconf 86' lang='lat' dir='ltr'><strong>difficili</strong></span> <span class='ocrx_word' id='word_1_125' title='bbox 495 3427 598 3511; x_wconf 87' lang='lat' dir='ltr'><strong>repeti</strong></span> <span class='ocrx_word' id='word_1_126' title='bbox 619 3431 727 3510; x_wconf 89' lang='lat' dir='ltr'><strong>posset</strong></span> <span class='ocrx_word' id='word_1_127' title='bbox 748 3423 866 3490; x_wconf 79' lang='lat' dir='ltr'><strong>auxilii.</strong></span> <span class='ocrx_word' id='word_1_128' title='bbox 912 3423 1025 3506; x_wconf 83' lang='lat' dir='ltr'><strong>Itaque</strong></span> <span class='ocrx_word' id='word_1_129' title='bbox 1048 3423 1228 3505; x_wconf 87' lang='lat' dir='ltr'><strong>imperitum</strong></span> 
     </span>
     <span class='ocr_line' id='line_1_18' title="bbox 106 3527 1229 3620; baseline -0.001 -27"><span class='ocrx_word' id='word_1_130' title='bbox 106 3533 243 3611; x_wconf 84' lang='lat' dir='ltr'><strong>quendam</strong></span> <span class='ocrx_word' id='word_1_131' title='bbox 261 3534 569 3620; x_wconf 79' lang='lat' dir='ltr'><strong>grammaticostrum</strong></span> <span class='ocrx_word' id='word_1_132' title='bbox 586 3533 635 3611; x_wconf 91' lang='lat' dir='ltr'><strong>,ob</strong></span> <span class='ocrx_word' id='word_1_133' title='bbox 654 3533 780 3598; x_wconf 87' lang='lat' dir='ltr'><strong>inanem</strong></span> <span class='ocrx_word' id='word_1_134' title='bbox 798 3531 936 3614; x_wconf 83' lang='lat' dir='ltr'><strong>aliquem</strong></span> <span class='ocrx_word' id='word_1_135' title='bbox 950 3529 1084 3614; x_wconf 86' lang='lat' dir='ltr'><strong>speciem</strong></span> <span class='ocrx_word' id='word_1_136' title='bbox 1098 3527 1229 3594; x_wconf 81' lang='lat' dir='ltr'><strong>verbum</strong></span> 
     </span>
     <span class='ocr_line' id='line_1_19' title="bbox 106 3633 1228 3724; baseline -0.002 -24"><span class='ocrx_word' id='word_1_137' title='bbox 106 3635 218 3720; x_wconf 76' lang='lat' dir='ltr'><strong>aliquod</strong></span> <span class='ocrx_word' id='word_1_138' title='bbox 230 3647 286 3707; x_wconf 87' lang='lat' dir='ltr'><strong>eut</strong></span> <span class='ocrx_word' id='word_1_139' title='bbox 299 3640 466 3708; x_wconf 83' lang='lat' dir='ltr'><strong>formulam</strong></span> <span class='ocrx_word' id='word_1_140' title='bbox 480 3639 605 3706; x_wconf 80' lang='lat' dir='ltr'><strong>dicendi</strong></span> <span class='ocrx_word' id='word_1_141' title='bbox 620 3639 668 3704; x_wconf 83' lang='lat' dir='ltr'><strong>vel</strong></span> <span class='ocrx_word' id='word_1_142' title='bbox 683 3641 715 3704; x_wconf 90' lang='lat' dir='ltr'><strong>in</strong></span> <span class='ocrx_word' id='word_1_143' title='bbox 728 3636 792 3704; x_wconf 91' lang='lat' dir='ltr'><strong>fine</strong></span> <span class='ocrx_word' id='word_1_144' title='bbox 803 3637 897 3702; x_wconf 90' lang='lat' dir='ltr'><strong>unius</strong></span> <span class='ocrx_word' id='word_1_145' title='bbox 906 3635 1081 3704; x_wconf 85' lang='lat' dir='ltr'><strong>sententiae</strong></span> <span class='ocrx_word' id='word_1_146' title='bbox 1091 3640 1123 3701; x_wconf 89' lang='lat' dir='ltr'><strong>et</strong></span> <span class='ocrx_word' id='word_1_147' title='bbox 1137 3633 1228 3724; x_wconf 81' lang='lat' dir='ltr'><strong>initio</strong></span> 
     </span>
     <span class='ocr_line' id='line_1_20' title="bbox 105 3739 1229 3828; baseline -0.001 -22"><span class='ocrx_word' id='word_1_148' title='bbox 105 3741 219 3811; x_wconf 68' lang='lat' dir='ltr'><strong>donus</strong></span> <span class='ocrx_word' id='word_1_149' title='bbox 241 3747 289 3814; x_wconf 83' lang='lat' dir='ltr'><strong>rel</strong></span> <span class='ocrx_word' id='word_1_150' title='bbox 311 3748 345 3813; x_wconf 93' lang='lat' dir='ltr'><strong>in</strong></span> <span class='ocrx_word' id='word_1_151' title='bbox 367 3747 515 3813; x_wconf 91' lang='lat' dir='ltr'><strong>binorum</strong></span> <span class='ocrx_word' id='word_1_152' title='bbox 533 3747 624 3813; x_wconf 87' lang='lat' dir='ltr'><strong>initio</strong></span> <span class='ocrx_word' id='word_1_153' title='bbox 646 3743 850 3813; x_wconf 90' lang='lat' dir='ltr'><strong>communem&#39;</strong></span> <span class='ocrx_word' id='word_1_154' title='bbox 873 3742 1051 3828; x_wconf 82' lang='lat' dir='ltr'><strong>fragmenta</strong></span> <span class='ocrx_word' id='word_1_155' title='bbox 1068 3739 1229 3826; x_wconf 81' lang='lat' dir='ltr'><strong>copulasse</strong></span> 
     </span>
     <span class='ocr_line' id='line_1_21' title="bbox 106 3847 1229 3938; baseline -0.001 -25"><span class='ocrx_word' id='word_1_156' title='bbox 106 3853 257 3920; x_wconf 78' lang='lat' dir='ltr'><strong>mutendit.</strong></span> <span class='ocrx_word' id='word_1_157' title='bbox 311 3854 407 3922; x_wconf 83' lang='lat' dir='ltr'><strong>Cuius</strong></span> <span class='ocrx_word' id='word_1_158' title='bbox 433 3855 567 3938; x_wconf 85' lang='lat' dir='ltr'><strong>vestigia</strong></span> <span class='ocrx_word' id='word_1_159' title='bbox 598 3861 723 3920; x_wconf 88' lang='lat' dir='ltr'><strong>secutus</strong></span> <span class='ocrx_word' id='word_1_160' title='bbox 754 3850 951 3918; x_wconf 82' lang='lat' dir='ltr'><strong>Nietzschius</strong></span> <span class='ocrx_word' id='word_1_161' title='bbox 983 3847 1229 3933; x_wconf 87' lang='lat' dir='ltr'><strong>disputationem</strong></span> 
     </span>
     <span class='ocr_line' id='line_1_22' title="bbox 106 3956 1228 4046; baseline -0.003 -24"><span class='ocrx_word' id='word_1_162' title='bbox 106 3958 145 4024; x_wconf 80' lang='lat' dir='ltr'><strong>ite</strong></span> <span class='ocrx_word' id='word_1_163' title='bbox 163 3960 315 4046; x_wconf 73' lang='lat' dir='ltr'><strong>ingrasnus</strong></span> <span class='ocrx_word' id='word_1_164' title='bbox 338 3969 395 4040; x_wconf 87' lang='lat' dir='ltr'><strong>est,</strong></span> <span class='ocrx_word' id='word_1_165' title='bbox 418 3966 455 4028; x_wconf 88' lang='lat' dir='ltr'><strong>ut</strong></span> <span class='ocrx_word' id='word_1_166' title='bbox 477 3983 497 4028; x_wconf 87' lang='lat' dir='ltr'><strong>a</strong></span> <span class='ocrx_word' id='word_1_167' title='bbox 520 3960 661 4028; x_wconf 83' lang='lat' dir='ltr'><strong>versibus</strong></span> <span class='ocrx_word' id='word_1_168' title='bbox 684 3961 718 4026; x_wconf 92' lang='lat' dir='ltr'><strong>in</strong></span> <span class='ocrx_word' id='word_1_169' title='bbox 736 3958 939 4042; x_wconf 85' lang='lat' dir='ltr'><strong>Theognidee</strong></span> <span class='ocrx_word' id='word_1_170' title='bbox 956 3956 1116 4040; x_wconf 84' lang='lat' dir='ltr'><strong>farragine</strong></span> <span class='ocrx_word' id='word_1_171' title='bbox 1138 3975 1228 4038; x_wconf 88' lang='lat' dir='ltr'><strong>repe-</strong></span> 
     </span>
    </p>
   </div>
   <div class='ocr_carea' id='block_1_3' title="bbox 105 4203 1228 4461">
    <p class='ocr_par' dir='ltr' id='par_1_3' title="bbox 105 4203 1228 4461">
     <span class='ocr_line' id='line_1_23' title="bbox 181 4203 1228 4282; baseline -0.015 -8"><span class='ocrx_word' id='word_1_172' title='bbox 181 4213 200 4274; x_wconf 65' lang='lat'><strong>¹)</strong></span> <span class='ocrx_word' id='word_1_173' title='bbox 216 4211 382 4282; x_wconf 81' lang='lat' dir='ltr'><strong>Theognidis</strong></span> <span class='ocrx_word' id='word_1_174' title='bbox 406 4210 550 4280; x_wconf 73' lang='lat' dir='ltr'><strong>reliquiae.</strong></span> <span class='ocrx_word' id='word_1_175' title='bbox 591 4209 668 4266; x_wconf 83' lang='lat' dir='ltr'><strong>Novo</strong></span> <span class='ocrx_word' id='word_1_176' title='bbox 686 4207 782 4264; x_wconf 88' lang='lat' dir='ltr'><strong>ordine</strong></span> <span class='ocrx_word' id='word_1_177' title='bbox 800 4205 948 4276; x_wconf 83' lang='lat' dir='ltr'><strong>disposuit,</strong></span> <span class='ocrx_word' id='word_1_178' title='bbox 971 4203 1228 4261; x_wconf 81' lang='lat' dir='ltr'><strong>commentationem</strong></span> 
     </span>
     <span class='ocr_line' id='line_1_24' title="bbox 106 4293 1227 4393; baseline -0.008 -36"><span class='ocrx_word' id='word_1_179' title='bbox 106 4297 214 4386; x_wconf 71' lang='lat' dir='ltr'><strong>criticam</strong></span> <span class='ocrx_word' id='word_1_180' title='bbox 233 4309 358 4393; x_wconf 56' lang='lat' dir='ltr'><strong>stop-tce</strong></span> <span class='ocrx_word' id='word_1_181' title='bbox 376 4302 480 4358; x_wconf 83' lang='lat' dir='ltr'><strong>adiecit</strong></span> <span class='ocrx_word' id='word_1_182' title='bbox 499 4301 543 4356; x_wconf 80' lang='lat' dir='ltr'><strong>Fr.</strong></span> <span class='ocrx_word' id='word_1_183' title='bbox 563 4299 687 4368; x_wconf 83' lang='lat' dir='ltr'><strong>Theoph.</strong></span> <span class='ocrx_word' id='word_1_184' title='bbox 702 4297 842 4354; x_wconf 82' lang='lat' dir='ltr'><strong>Welcker.</strong></span> <span class='ocrx_word' id='word_1_185' title='bbox 870 4294 995 4351; x_wconf 76' lang='lat' dir='ltr'><strong>Francos.</strong></span> <span class='ocrx_word' id='word_1_186' title='bbox 1016 4311 1040 4349; x_wconf 83' lang='lat' dir='ltr'><strong>a.</strong></span> <span class='ocrx_word' id='word_1_187' title='bbox 1051 4294 1089 4348; x_wconf 84' lang='lat' dir='ltr'><strong>M.</strong></span> <span class='ocrx_word' id='word_1_188' title='bbox 1106 4293 1182 4348; x_wconf 74' lang='lat'><strong>1826.</strong></span> <span class='ocrx_word' id='word_1_189' title='bbox 1194 4325 1227 4333; x_wconf 90' lang='lat'><em>-</em></span> 
     </span>
     <span class='ocr_line' id='line_1_25' title="bbox 105 4387 305 4461; baseline 0.02 -19"><span class='ocrx_word' id='word_1_190' title='bbox 105 4387 305 4461; x_wconf 55' lang='lat' dir='ltr'><strong>ffime</strong></span> 
     </span>
    </p>
   </div>
   <div class='ocr_carea' id='block_1_4' title="bbox 0 0 1535 4898">
    <p class='ocr_par' dir='ltr' id='par_1_4' title="bbox 0 0 1535 4898">
     <span class='ocr_line' id='line_1_26' title="bbox 0 0 1535 4898; baseline 0 0"><span class='ocrx_word' id='word_1_191' title='bbox 0 0 1535 4898; x_wconf 95' lang='lat' dir='ltr'><strong> </strong></span> 
     </span>
    </p>
   </div>
  </div>
 </body>
</html>
