3010 4896
433 339 474 349 -
521 302 617 384 [109]
666 341 704 350 -
1032 379 1035 384 ¹
1105 301 1144 366 13

24 497 127 578 Lysiam
150 497 267 562 referre
291 497 395 562 verbis
417 496 467 561 his
490 465 579 574 XIII,
606 497 644 562 17
670 495 812 576 είλοντο,
840 499 921 582 πρὶν
944 488 1007 582 τὴν
1031 495 1147 582 ἐκκλη-

23 604 81 665 σίαι·
109 595 172 688 τὴν
200 605 278 688 περὶ
304 611 361 690 τῆς
394 599 525 689 εἰρήνης
555 603 728 687 γενέσθαι,
760 600 903 681 τούτους
934 611 1074 688 πρῶτον
1102 599 1148 678 είς

24 701 160 788 διαβολάς
182 711 239 774 καὶ
262 705 441 787 κινδύνους
464 717 677 796 καταστῆσαι,
702 708 766 774 ίνα
787 710 923 796 μηδεὶς
946 706 1030 772 ἐκεῖ
1050 699 1147 791 ὑπὲρ

24 821 78 877 τοῦ
102 808 295 901 ὑμετέρου
317 811 499 901 πλήθους
526 808 727 900 ἀντιλέγοι
755 821 787 880 et
810 815 914 880 verbis
938 815 987 878 his
1010 813 1082 890 XII,
1106 813 1148 877 72

25 916 82 983 τότε
101 921 135 986 δὲ
154 918 338 1007 παρόντων
357 917 558 1006 Λυσάνδρου
576 924 633 986 καί
655 917 864 1006 Φιλοχάρους
887 922 942 984 καί
962 914 1148 984 Μιλτιάδου

24 1029 166 1114 περὶτῆς
193 1029 363 1105 πολιτείας
390 1019 452 1114 τὴν
480 1026 659 1114 ἐκκλησίαν
687 1027 840 1105 ἐποίουν,
872 1025 936 1092 ἵνα
963 1022 1057 1112 μήτε
1085 1020 1149 1111 ῥή-

26 1127 243 1216 reperitote
269 1135 403 1220 μηδείς
427 1133 653 1200 ἐναντιοῖτο
680 1133 774 1220 μηδὲ·
799 1134 1049 1198 διαπειλοίτο
1068 1134 1148 1194 κτλ.

25 1237 162 1304 Nimirum
180 1241 214 1304 in
231 1245 365 1325 utraque
384 1241 526 1306 oratione
545 1240 612 1305 fere
631 1241 750 1305 eisdem
768 1240 872 1304 verbIs
892 1239 953 1304 dici
972 1239 1151 1321 proditores

29 1346 129 1423 patrino
159 1347 191 1410 id
218 1347 389 1422 studuisse,
416 1349 549 1428 nequis
577 1347 637 1412 sibi
665 1347 840 1422 resisteret,
868 1367 931 1428 qua
957 1362 1054 1409 exre
1077 1365 1151 1409 con-

27 1450 195 1516 cludendum
219 1471 300 1528 esse,
326 1474 421 1516 unam
449 1453 643 1535 eandemque
666 1453 845 1518 contionem
873 1451 937 1516 alio
965 1451 1033 1514 loco
1057 1450 1152 1514 aliter

29 1557 200 1622 nominatam
214 1579 290 1622 esse.
319 1556 381 1622 Sed
396 1558 474 1622 haec
492 1559 649 1624 conclusio
668 1559 819 1624 audacior
837 1562 922 1622 certe
937 1578 1032 1640 quam
1046 1558 1150 1620 verior

29 1669 71 1722 est.
94 1662 172 1728 Nam
191 1665 327 1747 primum
346 1687 506 1746 nunquam
526 1663 690 1730 Scheibius
709 1665 858 1740 ostendit,
877 1684 938 1747 quo
958 1664 1026 1727 iure
1041 1661 1152 1745 Lysias

27 1769 184 1833 contionem
203 1771 336 1834 eandem
359 1772 452 1835 modo
471 1771 510 1835 de
533 1793 610 1854 paee
628 1771 721 1836 modo
741 1772 780 1835 de
803 1791 838 1834 re
861 1769 988 1852 publica
1010 1767 1151 1832 habitam

30 1893 81 1936 ene
105 1876 196 1940 dicat
252 1876 320 1952 Quo
351 1881 492 1960 tempore
523 1876 607 1941 enim
643 1899 705 1960 pax
736 1880 867 1959 accepta
903 1880 972 1940 erat
1008 1875 1151 1956 murique

31 1978 108 2043 deleti
129 2001 286 2066 naresque
308 1983 456 2058 traditae,
479 2004 516 2046 eo
539 1989 681 2066 tempore
700 1982 802 2047 denuo
826 1981 865 2046 de
888 2003 965 2065 pace
988 2002 1050 2045 non
1074 1979 1152 2043 deli-

31 2081 152 2150 beratum
176 2093 233 2152 est.
279 2087 344 2152 Nec
366 2088 560 2154 haerendum
584 2095 632 2154 est
656 2090 687 2154 in
707 2111 745 2154 ea
767 2111 811 2164 re,
835 2087 920 2170 quod
943 2085 1024 2151 forte
1043 2084 1153 2167 Lysias

30 2191 163 2257 «iniibus
190 2193 295 2258 verbis
323 2195 425 2259 utitur
451 2197 485 2261 in
512 2198 556 2261 eis
584 2194 795 2270 orationibus,
827 2215 921 2276 quae,
953 2213 1024 2257 oum
1052 2191 1154 2254 altera

31 2295 112 2360 altero
134 2309 274 2383 tempore
297 2300 426 2366 habitae
449 2302 521 2377 sint,
547 2323 606 2366 nec
632 2301 674 2366 ad
702 2302 833 2366 eandem
862 2319 987 2364 oausam
1010 2301 1154 2380 spectant

31 2422 74 2464 nse
103 2407 182 2470 inter
210 2429 243 2470 sc
271 2405 311 2471 ab
340 2414 465 2472 oratore
493 2429 629 2472 conexae
657 2413 738 2473 sunt.
789 2407 920 2471 Duobus
946 2405 1046 2488 igitur
1077 2403 1155 2467 locis

33 2529 86 2571 cum
107 2512 138 2574 in
161 2513 362 2594 optimatium
385 2514 524 2578 consiliis
548 2515 740 2597 exponendis
768 2513 885 2578 similia
907 2515 1085 2584 narrentur,
1107 2505 1155 2572 fa-

34 2615 78 2678 rile
98 2617 212 2681 similia
234 2640 357 2702 quoquc
381 2619 477 2684 verba
500 2619 699 2684 adhibentur.
745 2620 856 2703 Itaque
880 2617 968 2693 XIII,
994 2615 1033 2680 17
1057 2613 1156 2679 refert

34 2716 123 2800 Lysias
150 2725 281 2789 insidias
308 2725 348 2788 ab
376 2725 582 2809 optimatibus
605 2731 741 2790 stmctas
765 2747 831 2790 esse
859 2730 969 2790 contra
991 2721 1075 2786 viros
1097 2741 1155 2803 po-

34 2825 153 2904 pulares,
184 2849 224 2893 ne
256 2831 326 2912 quis
358 2831 391 2894 in
423 2831 569 2897 contione
596 2833 636 2896 dc
668 2853 745 2916 pace
773 2833 973 2897 convocanda
1005 2828 1065 2894 sibi
1097 2829 1156 2891 im·

34 2931 193 3010 pedimento
225 2936 322 3010 foret,
353 2936 386 3000 in
418 2938 532 3014 altera,
564 2937 761 3021 Lysandrum
793 2959 813 3002 a
838 2939 1035 3004 Theramene
1063 2933 1156 2999 Samo

36 3043 197 3106 nessitum
221 3065 296 3119 esse,
318 3043 448 3125 nequis
470 3042 525 3108 illo
548 3050 714 3126 praesento
737 3044 782 3108 rei
806 3042 951 3126 publicae
970 3041 1157 3107 evertendae

38 3145 184 3211 resisteret.
221 3139 360 3213 Revera
381 3155 486 3214 autem
510 3149 605 3214 fuisse
624 3151 677 3233 qui
698 3155 730 3214 et
753 3171 860 3232 paoem
880 3147 947 3213 fieri
972 3153 1004 3212 et
1026 3148 1159 3230 triginta

38 3247 103 3312 viros
116 3251 235 3316 institui
254 3256 423 3332 noluerint,
437 3255 540 3340 Lysia,
555 3255 772 3339 Xenophonte,
787 3255 967 3330 Plutarcho,
981 3254 1121 3318 Diodoro
1132 3255 1158 3336 ¹)

39 3357 197 3422 ruentibus
217 3360 325 3425 elucet
364 3362 451 3439 Quae
470 3384 541 3426 oum
565 3363 611 3426 ita
628 3363 701 3436 sint,
724 3369 857 3446 apparet
880 3360 1060 3425 contionem
1082 3359 1158 3443 περὶ

40 3465 82 3538 tls*
99 3459 225 3550 εἰρήνης
247 3468 439 3531 nominatam
459 3467 615 3532 diuersam
634 3489 701 3533 esse
719 3489 740 3532 a
758 3469 903 3532 contione
921 3465 993 3542 XII,
1013 3466 1056 3529 72
1075 3486 1159 3530 oom-

46 3615 51 3622 ·
81 3621 159 3632 --..-,,

111 3712 128 3772 ¹)
146 3711 214 3766 Xan.
235 3713 268 3766 II.
288 3713 318 3768 (I.
339 3713 377 3779 11,
396 3717 426 3780 2,
450 3716 486 3770 22
508 3709 702 3770 ἀντειπόντων
725 3713 755 3769 δέ
779 3733 865 3769 τινων
889 3707 965 3787 αὐτῷ
988 3719 1035 3779 (ευ.
1055 3711 1160 3766 Thera·

42 3796 112 3860 nenie
130 3797 200 3854 πολὺ
218 3799 249 3854 δὲ
268 3796 408 3856 πλειόνων
428 3799 694 3859 συνεπαινεσάντων
714 3799 794 3868 ἔδοξε
813 3799 949 3872 δέχεσθαι
968 3796 1019 3869 τὴν
1039 3793 1160 3869 εἰρήνην.

43 3875 180 3942 dunatus
198 3890 264 3958 Lys.
279 3889 344 3946 XIV
363 3891 535 3946 Cleomenem
554 3910 637 3948 unum
656 3909 691 3947 ex
706 3891 864 3961 demagogis
879 3889 1045 3944 Therameni
1064 3904 1161 3958 pacem

43 3971 146 4028 uadenti
165 3977 301 4032 restitisse
319 3985 422 4033 narrat.

112 4062 176 4118 Plnt.
187 4066 253 4135 Lys.
264 4065 313 4120 XV
333 4062 503 4136 ἐβούλευσεν
522 4073 568 4132 (sc.
581 4063 753 4138 Λύσανδρος)
773 4065 860 4132 εὐθὺς
879 4071 927 4122 καί
946 4063 1162 4136 τὴνπολιτείαν

43 4157 201 4220 μεταστῆσαι,
247 4156 413 4218 dennestede
436 4155 466 4209 a
493 4159 541 4210 καί
569 4155 695 4226 τραχέως
718 4151 911 4211 ἀντειπόντων
934 4169 981 4222 (sc.
1005 4159 1062 4209 τῶν
1087 4150 1163 4224 aaa·

45 4237 112 4372 pat-„-
138 4283 206 4295 ....
236 4243 298 4310 lays.
310 4244 371 4306 xn,
383 4245 416 4298 73
437 4237 513 4310 ὑμεῖς
532 4243 560 4297 δὲ
581 4241 750 4316 ἐθορυβεῖτε
769 4239 807 4308 ὡς
827 4241 859 4298 οδ
880 4239 1048 4312 ποιήσοντες
1067 4247 1162 4298 rainu.

38 4324 98 4376 nin
124 4329 190 4394 xlv,
211 4333 237 4393 a,
259 4333 282 4383 ο.
