2982 4884
246 365 266 429 l
682 395 724 408 -
773 357 857 444 [sao]
904 395 947 408 -

245 552 475 638 composuerit,
508 552 671 636 putandus
695 558 744 616 est
766 557 799 616 et
821 550 854 615 in
877 551 972 616 rebus
995 557 1027 616 et
1048 551 1081 614 in
1105 569 1250 615 sermone
1274 549 1386 613 multis

245 657 348 722 modis
372 656 513 740 pendere
535 676 576 720 ex
599 655 673 719 aliis
696 654 913 738 scriptoribus.
955 654 1041 719 Inter
1057 673 1169 718 omnes
1184 661 1306 734 autem,
1335 653 1387 734 qni

245 762 302 825 illo
325 769 465 844 tempore
487 759 528 824 de
546 765 615 823 arte
632 757 790 823 rhetorica
806 757 1013 841 scripserunt,
1034 777 1126 822 nemo
1142 764 1266 822 tantam
1284 755 1388 840 adep-

246 870 297 928 tus
321 870 370 929 est
390 861 611 948 auctoritatem
636 868 787 944 quantam
812 859 1019 943 Cornificius,
1050 861 1141 925 cuius
1164 859 1327 924 rhetoras-a
1350 861 1393 922 ad

247 965 445 1030 Herennium
466 985 562 1047 quam
585 971 656 1028 arta
678 964 867 1046 cognatione
891 963 1086 1030 cohaereant
1107 984 1179 1029 cum
1202 963 1392 1029 Ciceronia-

246 1088 308 1134 nae
331 1067 410 1133 artis
433 1067 611 1133 rhetoricae
633 1068 670 1130 de
692 1066 866 1130 inventione
890 1065 980 1130 libris
1003 1066 1163 1131 neminem
1187 1066 1282 1148 sugit.

333 1171 445 1254 Itaque
467 1190 548 1254 qnae
571 1171 653 1235 ratio
675 1169 855 1235 intercedat
876 1170 959 1236 inter
982 1169 1142 1235 Cornificii
1165 1177 1197 1234 et
1220 1169 1392 1235 Ciceronis

246 1295 444 1356 sermonem,
477 1273 658 1339 accuratius
692 1273 920 1353 disquiramus.
968 1273 1164 1356 Diligentius
1193 1279 1303 1338 autem
1336 1292 1392 1338 eos

246 1385 370 1443 tantum
391 1375 640 1461 perquisivimus
662 1376 777 1456 libros,
804 1395 884 1458 quos
907 1377 1026 1460 primos
1048 1375 1169 1460 publici
1198 1375 1280 1440 iuris
1314 1375 1392 1441 lecit

247 1483 373 1548 Cicero:
400 1480 470 1546 dico
492 1479 589 1545 libros
605 1479 646 1545 de
661 1479 845 1545 inventione
868 1499 931 1544 non
955 1480 1055 1544 multo
1078 1487 1197 1564 posta.
1215 1497 1244 1542 u.
1266 1482 1337 1542 669
1362 1487 1395 1542 ut

247 1585 374 1650 videtur·
395 1583 597 1666 compositos,
624 1583 798 1648 orationem
822 1603 880 1667 pro
896 1583 932 1646 P.
950 1581 1099 1659 Quinctio
1115 1603 1198 1648 anno
1214 1585 1278 1646 673
1296 1582 1394 1646 habi-

247 1695 325 1768 tam,
351 1681 524 1752 orationem
548 1705 605 1771 pro
628 1687 703 1752 Sex.
722 1685 838 1751 Roscio
857 1685 1008 1751 Amerino
1031 1707 1115 1752 anno
1138 1690 1200 1750 674
1223 1683 1392 1760 habitam;

248 1813 322 1856 nam
344 1811 416 1856 cum
441 1798 513 1873 post
541 1789 716 1855 orationem
739 1789 931 1855 Roscianum
955 1788 1067 1855 Cicero
1097 1809 1156 1873 per
1186 1789 1394 1870 aliquantum

248 1894 400 1979 temporis
423 1894 456 1958 in
473 1893 611 1958 Graecia
632 1899 665 1957 et
686 1892 719 1956 in
737 1893 818 1957 Asia
840 1892 960 1957 minore
989 1893 1093 1974 [annis
1116 1895 1300 1968 cta—677}
1330 1891 1394 1956 arti

248 1998 425 2063 rhetoricae
447 1996 629 2062 accuratius
652 1995 894 2079 cognoscendae
917 2015 1049 2080 operam
1077 1995 1220 2075 navarit,
1246 1995 1328 2060 inde
1355 1995 1395 2059 ah

250 2101 308 2166 hcc
331 2107 474 2186 tempore
496 2117 675 2165 sermonem
693 2098 938 2164 Ciceronianam
955 2099 1053 2165 multo
1069 2117 1142 2165 esse
1157 2097 1393 2182 elegantiorem

249 2205 413 2287 multoque
446 2203 604 2288 puriorem
637 2210 887 2268 consentaneum
921 2209 979 2269 est.
1027 2203 1177 2268 Attamen
1214 2201 1330 2267 Cicero
1363 2203 1394 2267 in

249 2309 360 2392 primis
383 2327 510 2389 quoque
531 2324 611 2389 qnos
640 2313 712 2390 post
741 2305 877 2370 reditum
907 2325 948 2371 ex
970 2306 1049 2370 Asia
1078 2305 1269 2390 conscripsit
1299 2305 1396 2370 libris

249 2432 312 2476 non
336 2431 440 2494 pauca
463 2429 504 2474 ex
525 2409 566 2474 iis
589 2408 728 2490 admisit,
755 2427 839 2491 qnae
862 2415 973 2492 postea
994 2409 1065 2493 ipse
1079 2409 1285 2494 improbavit;
1315 2429 1395 2475 sen-

249 2515 309 2580 sim
332 2514 417 2579 enim
440 2521 473 2579 et
494 2512 725 2598 pedetemptim
742 2511 785 2577 ad
804 2532 875 2577 eam
891 2519 1060 2597 provectus
1077 2519 1127 2577 est
1142 2511 1392 2596 perlectionem,
1489 2593 1490 2598 ἵ

249 2637 332 2700 quae
359 2617 456 2702 paulo
486 2623 562 2682 ante
590 2617 752 2682 orationes
775 2615 971 2700 Philippicas
1001 2616 1034 2680 in
1064 2615 1261 2680 orationibus
1293 2635 1397 2700 prae-

250 2723 345 2806 cipue
368 2727 514 2806 apparet.

338 2825 508 2889 Praeterea
528 2841 601 2886 cum
624 2821 708 2902 stili,
735 2841 830 2904 quem
854 2821 989 2906 scriptor
1011 2821 1129 2903 aliquis
1145 2819 1288 2902 adhibet,
1315 2841 1396 2906 pro-

252 2929 371 3014 prietas
404 2947 467 2993 nun
502 2933 568 2991 tom
603 2925 644 2990 iis
675 2925 843 3007 alliciatur,
876 2943 960 3006 quae
993 2923 1174 3022 admiserit,
1208 2945 1304 3007 quam
1336 2925 1390 2990 iis.

252 3052 335 3115 quae
358 3030 502 3095 consulto
531 3029 713 3109 evitaverit,
746 3028 780 3092 in
811 3029 872 3094 hac
902 3028 1091 3112 quaestione
1120 3047 1185 3094 uun
1215 3028 1318 3092 solum
1355 3051 1394 3094 ea

252 3135 435 3214 afferemus,
454 3153 537 3216 quae
552 3131 735 3198 communia
749 3131 847 3197 habet
864 3131 976 3198 Cicero
992 3150 1064 3197 cum
1080 3130 1264 3198 Comilicio:
1291 3132 1393 3196 immo

253 3237 372 3318 exiis,
398 3255 482 3319 quae
503 3233 696 3319 improbavit
717 3235 791 3316 ille,
824 3240 943 3316 quanto
969 3233 1147 3316 elegantior
1170 3243 1201 3299 et
1225 3233 1334 3318 purior
1361 3236 1392 3298 in

253 3340 333 3424 ipsis
356 3337 466 3422 primis
490 3337 577 3403 libris
600 3336 828 3403 Ciceronianus
851 3337 893 3402 sit
914 3356 1033 3418 sermo,
1067 3335 1238 3421 praecipue
1266 3356 1390 3418 cogno-

255 3443 364 3508 scitur.

343 3545 390 3609 Er
411 3544 515 3626 libris,
541 3543 651 3626 quiin
674 3542 734 3608 hoc
764 3544 916 3625 opusculo
945 3543 1141 3610 conficiendo
1165 3563 1289 3609 sommo
1313 3545 1392 3610 mihi
1488 3569 1489 3582 ¹

254 3651 383 3714 fuerunt
408 3646 603 3727 adiumento,
636 3649 736 3730 primo
764 3646 833 3709 loco
862 3646 1139 3711 commemoranda
1169 3655 1218 3712 est
1246 3647 1393 3712 Ednamli

257 3750 431 3816 Woelfflini
459 3749 692 3828 commentatio,
725 3767 808 3830 quae
838 3748 1021 3813 inscribitur
1043 3752 1122 3812 Zam
1153 3749 1392 3834 Valpaerlnterin

261 3856 303 3940 (in
331 3853 446 3918 l'hilol.
479 3851 621 3934 Gotting.
654 3850 716 3916 vol.
750 3851 892 3917 XXXIV
921 3871 996 3936 pag.
1025 3855 1085 3916 137
1109 3871 1167 3935 sqq
1185 3857 1206 3932 l.
1261 3853 1299 3916 ln
1331 3853 1393 3918 hac

256 3958 427 4043 scriptione
450 3956 499 4019 vir
520 3953 724 4019 doctissimus
747 3954 902 4019 sermonis
925 3954 1067 4038 vulgaris
1091 3953 1269 4019 illustrandi
1293 3976 1391 4020 causa

257 4083 327 4128 cum
351 4082 391 4126 ex
413 4060 484 4124 aliis
499 4059 633 4124 aliorum
650 4057 840 4142 scriptorum
857 4058 946 4123 libris
962 4059 1122 4142 permulta
1136 4061 1229 4122 affert
1243 4061 1391 4143 exempla

257 4173 324 4230 tum
346 4166 489 4247 ipsarum
512 4183 569 4246 pro
591 4160 740 4238 Quinctio
762 4170 794 4226 et
816 4181 874 4245 pro
895 4162 1010 4227 Roscio
1032 4162 1209 4226 orationum
1237 4163 1392 4227 rationem
1487 4221 1488 4248 ,

258 4266 354 4329 habet
385 4262 461 4328 inde
493 4282 515 4326 a
546 4283 621 4348 pag.
657 4267 715 4325 tlt
749 4281 819 4345 sqq.
874 4265 954 4329 Item
988 4283 1029 4329 ex
1065 4285 1148 4329 nova
1183 4265 1396 4330 Antibnrbnra'
