3034 4896
612 241 827 302 -21-

153 429 259 504 geret,
302 424 329 488 si
362 425 520 491 contendo
548 427 687 492 eundem
717 428 816 494 fnisse
846 435 943 511 atque
973 447 1060 506 eum,
1097 427 1150 509 qui
1181 425 1287 508 qirarti

152 524 225 589 libri
246 527 443 610 prooemium
466 536 566 594 totum
590 551 630 595 ex
652 531 800 598 versibus
822 533 848 612 Ι,
875 534 1023 595 sao—50
1045 529 1167 595 iteratis
1189 549 1286 613 para-

151 628 244 710 verit,
270 629 305 694 in
327 630 388 695 bac
409 631 570 697 sententia
592 633 715 716 aliquid
737 632 972 717 probabilitatis
995 633 1101 698 inesse
1125 650 1229 714 spero.

238 731 302 799 Sed
324 753 417 816 quem
439 736 536 801 talem
559 735 753 802 carminibus
777 736 987 802 emendandis
1009 755 1138 819 operam
1159 734 1287 800 dedisse

149 836 356 902 verisimilius
370 837 498 904 videtur
512 859 610 921 quam
625 859 708 920 eum,
735 841 790 922 qui
806 840 955 905 Lucretio
970 845 1093 904 mortuo
1113 857 1180 916 eas,
1206 857 1287 920 quas

148 938 208 1002 ille
229 939 336 1004 scidas
359 941 540 1023 reliquerat,
568 940 687 1007 edidit?
727 943 810 1007 Nam
833 940 867 1006 id
889 949 962 1026 post
983 940 1224 1006 Lachmannum
1246 957 1286 1004 ne

148 1041 182 1106 ei
200 1041 325 1122 quidem
348 1042 382 1106 in
405 1043 537 1108 dubium
560 1045 731 1124 vocabunt,
758 1044 813 1128 qui
828 1043 1015 1128 Hieronymi
1034 1043 1083 1108 illi
1097 1044 1167 1108 loco
1182 1042 1287 1138 mipus

148 1143 328 1224 confidunt,
355 1146 497 1212 earmina
519 1166 583 1212 non
606 1148 647 1212 ab
669 1148 740 1231 ipso
762 1155 858 1232 poeta
885 1146 973 1212 edita
1001 1165 1088 1223 esse,
1114 1145 1212 1228 idque
1235 1145 1287 1210 vel

148 1265 194 1310 ex
216 1247 296 1312 libro
317 1247 436 1332 primo,
462 1269 556 1332 quem
580 1250 804 1316 Lachmannus
834 1251 1015 1315 absolutum
1044 1248 1112 1314 fere
1142 1269 1163 1312 a
1192 1255 1287 1332 poeta

147 1350 296 1415 relietum
319 1371 391 1416 esse
414 1352 548 1435 putavit,
575 1353 662 1419 cerni
679 1353 948 1436 Stuerenbnrgius
969 1352 1003 1417 in
1025 1352 1165 1434 egregia,
1192 1371 1285 1433 quam
1339 1420 1341 1430 f

146 1453 216 1518 iam
247 1472 344 1537 snpra
370 1454 518 1534 landari,
552 1455 779 1522 dissertatione
809 1455 961 1522 ostendit.
1013 1453 1107 1531 Quod
1136 1453 1286 1537 quoniam

146 1563 273 1622 certum
295 1565 361 1636 est,
388 1578 429 1624 ex
457 1557 538 1642 ipsis
568 1566 676 1626 autem
699 1559 893 1624 carminibus
915 1558 1127 1640 intellegitur,
1154 1556 1212 1622 bas
1235 1557 1286 1620 rel

146 1659 227 1725 illas
249 1667 358 1744 partes
380 1681 464 1727 nuno
488 1662 537 1726 eis
560 1662 639 1727 locis
669 1662 751 1744 legi,
778 1663 811 1726 in
839 1681 972 1744 quorum
1002 1667 1150 1728 contextu
1180 1679 1236 1724 eas
1267 1678 1286 1722 a

147 1771 249 1846 poeta
271 1763 340 1847 ipso
360 1764 497 1848 scriptas
512 1765 564 1829 vel
580 1765 703 1848 positas
719 1784 792 1830 esse
806 1765 895 1829 nullo
910 1763 1005 1829 modo
1020 1761 1151 1829 concedi
1167 1769 1283 1846 potest,

147 1865 270 1930 deinde
303 1885 375 1931 orum
407 1865 561 1957 traditum
594 1867 652 1948 sit,
686 1874 809 1934 certum
836 1867 996 1949 quondam
1027 1865 1185 1932 hominem
1215 1871 1287 1947 post

147 1969 292 2034 Lucretii
315 1980 447 2036 mortem
470 1971 613 2036 carmina
634 1970 704 2036 eius
721 1970 921 2050 emendasse,
943 1991 1000 2036 cnr
1014 1990 1077 2035 non
1093 1975 1282 2044 statuamus,

146 2091 224 2136 eum
248 2092 308 2137 non
332 2072 425 2137 modo
448 2073 480 2137 in
504 2072 692 2138 ordinandis
714 2093 753 2138 ao
775 2073 959 2156 digerendis
982 2073 1039 2151 eis,
1066 2091 1149 2154 qnae
1170 2069 1286 2135 abillo

147 2174 264 2239 relicta
278 2182 395 2251 essent,
421 2183 580 2242 versatum
596 2195 681 2254 esse,
699 2174 757 2240 sed
771 2175 878 2256 etiam,
898 2183 933 2240 ut
947 2175 1091 2242 carmina
1106 2171 1287 2256 legentibus

146 2278 335 2360 nocentiora
366 2277 530 2358 redderet,
572 2299 677 2362 pauca
712 2277 755 2342 ad
788 2278 1018 2344 sententiarum
1051 2273 1286 2341 cohaerentiam

146 2379 367 2444 adiuvandam
383 2379 549 2447 addidisse
563 2381 764 2446 interdumve
780 2381 876 2446 etiam
893 2387 1034 2445 mutasse
1046 2375 1289 2462 poetaeverbai

147 2481 323 2546 Facillime
336 2489 442 2548 antem
459 2483 591 2560 ratione,
611 2482 639 2548 si
654 2481 730 2566 quid
745 2481 780 2547 in
795 2482 893 2548 scidis
909 2480 1049 2548 Lucretii
1065 2475 1289 2560 manuscriptis

146 2583 200 2648 ita
223 2582 344 2662 deerat,
369 2592 405 2649 ut
427 2585 655 2650 sententiarum
678 2585 907 2668 consequentia
927 2581 1111 2668 impeditior
1133 2584 1227 2656 esset,
1255 2583 1291 2638 ut

146 2687 301 2751 honneur
331 2688 474 2768 tolleret,
501 2687 723 2753 iterationibus
751 2689 798 2753 nti
827 2687 954 2753 videtur
980 2684 1141 2770 potuisse,
1174 2678 1292 2763 quibus

147 2795 269 2871 poetae
290 2790 390 2854 verba
411 2790 541 2856 minime
563 2790 805 2856 contaminaret.
853 2790 907 2856 Sic
935 2789 1044 2872 igitur,
1075 2804 1146 2850 oum
1176 2797 1296 2864 prooe-

146 2890 230 2967 mia,
256 2911 337 2973 qnae
359 2892 499 2958 secundo
522 2900 554 2958 et
576 2894 670 2959 tertio
692 2892 773 2958 libro
796 2893 974 2978 praemissa
996 2887 1194 2962 inveniebat,
1220 2900 1298 2944 cum

147 2994 228 3076 ipsa
249 2993 477 3078 disputatione,
503 2996 642 3078 quaein
666 2995 715 3061 bis
738 2995 828 3062 libris
851 2996 999 3074 habetur,
1026 3010 1091 3056 non
1114 2985 1194 3052 satis
1217 2999 1303 3046 cou-

147 3097 263 3160 iuncta
284 3096 479 3180 viderentur,
507 3098 626 3164 adiecit
655 3099 702 3164 eis
732 3099 805 3165 illos
832 3116 965 3177 versus,
991 3093 1110 3176 quibus
1140 3089 1174 3152 in
1204 3087 1309 3148 sexto

148 3198 235 3263 libro
260 3199 426 3284 aptissime
448 3201 602 3267 transitus
625 3201 661 3266 fit
683 3223 703 3267 a
726 3200 890 3286 prooemio
920 3198 964 3262 ad
995 3217 1053 3273 ca,
1087 3209 1171 3274 qnae
1201 3189 1317 3269 poeta

148 3300 216 3364 sibi
239 3303 391 3386 proponit
411 3303 595 3368 tractanda:
622 3304 705 3388 sugit
727 3312 833 3370 lamen
856 3303 968 3376 istum,
993 3318 1060 3362 non
1076 3308 1209 3378 prorsus
1227 3283 1328 3398 illos

149 3423 226 3470 cum
242 3405 289 3470 eis
304 3406 392 3480 locis,
411 3407 444 3470 in
459 3407 575 3490 quibus
590 3408 731 3491 repetiit,
749 3405 943 3474 consentire.
985 3399 1175 3477 Eodemque
1194 3382 1338 3454 studio

149 3505 279 3584 ductus,
306 3508 390 3590 quod
413 3529 524 3575 omnes
547 3495 670 3575 ceteros
693 3511 792 3575 libros
814 3503 993 3592 prooemiis
1017 3503 1152 3565 ornatos
1173 3483 1353 3556 videbat

149 3629 259 3691 ne⁴luc
281 3610 412 3676 dubium
435 3631 507 3678 esse
530 3618 667 3696 poterat,
692 3613 769 3696 quin
793 3618 905 3697 poeta,
931 3605 962 3670 si
985 3624 1007 3667 a
1031 3593 1103 3664 fato
1117 3597 1149 3662 ei
1163 3587 1367 3677 potestus

151 3709 233 3776 (Μ
255 3720 351 3792 efflet,
378 3715 473 3780 etiam
497 3722 611 3797 quarto
633 3715 831 3799 prooemium
850 3706 1103 3795 praemissurus
1118 3695 1257 3762 inisset,
1304 3694 1382 3744 Μ

150 3814 250 3879 ’ήωίὓ
273 3814 351 3881 “¹¹¹⁰
375 3835 466 3900 ⁰P¹¹⁸2
493 3817 578 3900 quod
601 3818 745 3884 editurus
769 3821 849 3891 erat,
878 3809 1076 3894 appareret,
1102 3799 1159 3864 ille
1174 3791 1224 3860 vir
1247 3781 1396 3846 ‹loa-

151 3923 217 3996 ²¹¹Ss
244 3919 387 4000 quisquis
409 3918 477 3998 fuit,
505 3939 618 3986 versus
640 3921 673 4002 1,
701 3920 855 3984 sao-50
879 3907 1023 3994 repetiit
1050 3909 1129 3968 ante
1151 3912 1223 3962 cam
1259 3891 1408 3944 ‹ww-

151 4019 252 4086 minis
274 4028 408 4105 partem,
434 4042 498 4104 qua
520 4021 561 4088 de
577 4021 759 4088 simulacris
776 4019 899 4101 agitur.
946 4011 1063 4088 Atque
1080 3997 1234 4086 quonlam
1263 3989 1410 4048 var*-

150 4122 244 4187 sibus
