3006 4892
537 400 580 409 -
628 364 689 445 [osy
737 401 781 421 -.
1169 327 1227 430 's

92 549 270 616 oratoribus
286 556 350 627 cst3
372 557 541 634 praeterea
556 552 812 618 eLaurentianis
827 554 908 637 plut.
924 553 1028 618 LVIII
1043 556 1081 616 12
1097 560 1129 623 et
1144 555 1225 639 plut.

92 653 153 718 LX
171 658 209 718 16
233 653 387 720 lectiones
415 653 457 720 ad
479 655 623 722 libellum
652 657 693 722 de
715 655 912 740 Thucydidis
942 655 1102 724 idiomatis
1129 657 1231 741 perti-

91 763 203 822 nentes
227 757 365 839 enotavi,
392 758 570 841 exquibus
594 778 650 824 eas
672 766 794 824 tantum
818 759 987 842 exhibebo,
1020 778 1103 842 quae
1126 761 1231 824 avol-

91 869 170 943 gata
198 860 231 925 in
263 860 462 946 Thucydidis
491 862 598 928 veihis
634 862 803 928 discedunt
837 863 888 944 (cl.
913 862 998 929 infra
1026 863 1131 948 Caput
1153 863 1225 946 ΙΙΙ).

92 963 251 1041 Quattuor
285 963 343 1029 hos
380 963 505 1030 codices
539 984 609 1029 cum
639 965 779 1031 editione
809 966 1062 1032 Tauchnitziana
1091 987 1108 1032 e
1138 966 1232 1032 Reis-

91 1067 194 1132 kiana
216 1086 370 1151 expressa
392 1068 523 1133 contuli.
564 1069 757 1154 Paginarum
781 1077 813 1134 ot
836 1089 985 1135 versuum
1007 1070 1140 1152 numeri,
1168 1069 1229 1135 nisi

91 1169 168 1252 quid
193 1178 303 1235 eontra
326 1191 488 1252 monuero,
514 1171 711 1237 Reiskianae
734 1174 853 1252 sunt1).

181 1272 329 1340 Ceterum
351 1293 423 1338 oum
446 1274 629 1340 conferendi
646 1274 784 1342 officium
808 1275 934 1342 facilius
957 1276 1008 1357 sit,
1035 1277 1063 1340 si
1086 1275 1127 1342 ad
1149 1276 1231 1342 alie-

90 1397 168 1440 nam
192 1375 336 1442 eiusdem
365 1376 486 1443 codicis
514 1378 717 1443 collationem
747 1385 833 1444 tuam
857 1378 1004 1462 redigere
1025 1379 1147 1463 possis,
1180 1379 1231 1444 in·

90 1481 239 1545 nicatius
255 1481 375 1564 paullo,
402 1481 430 1546 si
445 1481 566 1566 primus
582 1481 723 1548 codicem
739 1481 895 1565 conferas,
921 1502 1024 1565 neque
1040 1483 1153 1547 mirum
1170 1491 1228 1566 est,

91 1583 180 1666 qnod
208 1583 313 1648 haheo
342 1604 423 1666 quae
453 1584 569 1650 addam
599 1595 760 1670 perpauca
787 1605 889 1668 eaque
918 1585 1004 1650 levia
1032 1584 1075 1651 ad
1096 1585 1232 1651 Useneri

93 1687 253 1770 Lysiacae
275 1688 429 1752 orationis
452 1687 663 1770 collationem,
694 1690 787 1772 plura
815 1687 857 1754 ad
880 1688 1087 1754 Herwerdeni
1111 1687 1233 1773 epistu-

92 1791 197 1853 larum
221 1789 264 1854 ad
280 1790 501 1856 Ammaeuml
524 1798 555 1856 et
577 1790 619 1855 ad
640 1791 699 1857 Cn.
719 1792 904 1876 Pompeium
926 1829 970 1838 -
992 1811 1065 1858 nam
1088 1791 1233 1857 eiusdem

94 1891 216 1976 Lysiae
246 1893 423 1957 orationum
454 1894 647 1974 selectarum
675 1895 771 1958 editio
804 1893 882 1959 mihi
915 1901 1044 1979 praesto
1074 1903 1140 1960 tum
1170 1915 1234 1960 non

92 1993 154 2060 fuit
177 2033 221 2042 -
243 2003 276 2060 et
298 1995 325 2060 si
349 2015 431 2077 quae
454 1997 564 2061 oculos
585 2015 673 2062 meos
699 1997 859 2080 fugerunt,
891 1997 976 2062 viros
1006 1996 1115 2062 doctos
1138 1997 1234 2078 aequi

92 2099 168 2163 honi
199 2099 404 2164 consulturos
434 2119 539 2182 spero.
587 2100 690 2182 Atque
719 2109 754 2164 ut
780 2100 886 2166 brevis
916 2100 994 2179 sim,
1028 2099 1069 2164 ad
1099 2099 1234 2166 Useneri

91 2202 299 2266 collationem
316 2201 576 2266 exherbrosiano
589 2201 640 2284 (Ml
660 2201 810 2268 addenda
825 2203 927 2268 habeo
942 2203 1050 2286 haece
1066 2228 1071 2265 :
1098 2203 1231 2285 Argum.

95 2325 179 2372 vers.
201 2307 221 2368 8
239 2303 438 2390 εἰσηγήσατο
454 2305 486 2368 Μ
502 2305 648 2388 Useneri]
667 2303 864 2392 εἰσηγήγατο
880 2307 912 2370 Μ
928 2305 940 2390 ΙΙ
957 2309 977 2370 9
992 2307 1073 2389 τοῖς]
1094 2301 1171 2382 τοὺς
1182 2303 1236 2392 Mil

95 2411 131 2472 ll
159 2403 291 2482 ἄστεως
314 2407 392 2471 FT:
428 2401 547 2482 ἄστεος
567 2408 701 2472 ΜΡΑΒ
723 2408 829 2491 volgo]
858 2403 975 2483 ἄστεος
995 2408 1039 2472 Μ1
1058 2429 1121 2492 pr.,
1151 2427 1231 2474 corr.

95 2507 227 2586 ἄστεως
249 2510 261 2593 ΙΙ
285 2513 324 2573 34
349 2503 456 2592 ὑμ[εἱ]ς
472 2511 514 2590 Μ,
541 2533 571 2574 ει
593 2509 626 2576 in
649 2513 726 2594 ras]
752 2505 840 2592 ὑμᾶς
855 2512 899 2575 Μ1
923 2531 985 2594 pn,
1011 2532 1091 2576 corr.
1118 2505 1214 2592 ὑμεῖς
1229 2509 1238 2596 Η

96 2619 136 2677 55
159 2607 191 2677 d'
210 2613 356 2678 FPAB:
384 2613 421 2677 δὲ
437 2612 507 2677 Ml}
523 2613 630 2696 volgo]
652 2607 682 2677 δ’
701 2613 732 2677 Μ
749 2613 761 2697 ΙΙ
778 2617 817 2678 58
834 2609 953 2688 ualde:
979 2614 1087 2688 καλῶς
1102 2615 1144 2692 Μ,
1160 2614 1232 2697 FT]

94 2718 205 2792 καλῶς
219 2717 264 2780 Μ1
275 2737 336 2800 pn,
355 2736 437 2780 corr.
453 2717 555 2791 καλῦς
569 2717 648 2800 (sic).
675 2717 724 2780 Ex
734 2717 948 2782 Laurentiano
958 2717 1004 2799 (F)
1017 2715 1101 2781 addo
1112 2717 1232 2798 haeoll:

96 2911 201 2973 guntur
220 2905 302 2958 haec:
324 2903 456 2966 „Aratum
479 2903 608 2974 Dionysii
622 2903 828 2959 Halicarnassei
841 2905 977 2973 quaedam
996 2906 1031 2959 ds
1049 2905 1190 2960 historicis
1209 2913 1238 2960 et

97 2989 273 3056 rhetoribus;
296 2990 438 3044 Nicander
454 3005 515 3043 cnm
535 2989 662 3054 scholiis;
685 2990 876 3060 Lycophronis
888 2990 1046 3045 Cassandra
1064 3007 1127 3046 oum
1145 2993 1238 3060 prole-

95 3078 225 3145 gomenis
243 3077 335 3131 isaaci
348 3077 483 3138 Taetzae;
504 3083 538 3130 ex
556 3077 636 3131 libris
655 3076 694 3130 lo.
710 3077 789 3132 Vino.
806 3075 931 3131 pinellis·
960 3076 1089 3146 Dionysii
1102 3083 1147 3131 est
1158 3083 1238 3131 vete-

96 3179 158 3215 rum
171 3177 291 3215 censura
310 3177 381 3231 quae
396 3161 506 3222 dicitur.
528 3162 624 3228 incipit
642 3161 690 3214 sol.
706 3163 738 3213 63
757 3169 842 3226 recto,
863 3163 1035 3231 praescripta
1053 3161 1137 3217 habet
1152 3163 1239 3215 vor-ha

96 3249 245 3300 διονιισίοα
260 3243 478 3318 ἁλικαρνασέως,
495 3263 576 3316 quem
590 3248 706 3301 cundem
720 3248 831 3301 titulum
844 3248 873 3300 in
886 3248 982 3302 codice
996 3247 1123 3302 Parisino
1136 3251 1236 3302 nisti

96 3343 210 3390 exstare
223 3339 345 3388 testatur
354 3333 472 3388 Gnosius
485 3334 559 3388 t.111
577 3350 603 3402 p.
614 3338 677 3394 30⁰3
699 3332 734 3387 cl.
748 3332 861 3387 Usener.
874 3335 930 3387 ind.
943 3333 1020 3388 schol
1041 3335 1130 3388 Boon.
1150 3351 1177 3402 p.
1188 3335 1235 3389 Vl.

96 3421 196 3475 Codex
214 3427 258 3474 cst
277 3437 292 3474 e
311 3420 508 3482 deterioribus,
528 3421 631 3488 quippe
650 3420 696 3487 qui
715 3435 742 3487 p.
758 3422 822 3470 llir
844 3435 905 3472 cum
918 3419 1073 3473 Reiskiana
1091 3421 1239 3475 concinens

96 3507 234 3576 praebeat
254 3507 431 3576 παρθένους·
451 3503 503 3557 κάκ
516 3507 590 3568 κτλ.;
612 3505 675 3558 vide
695 3505 858 3559 Grosianam
878 3513 898 3559 t.
914 3504 956 3558 lll
975 3524 1001 3575 p.
1017 3509 1110 3559 thara.

175 3594 189 3655 'l
210 3591 242 3644 ln
256 3593 439 3661 sequentihus
452 3593 506 3646 erit
521 3608 547 3659 p.
561 3595 593 3642 'ch
604 3614 635 3636 =
646 3592 750 3660 pagina
762 3593 794 3642 30
804 3591 915 3654 Reisk.,
936 3607 999 3660 pag.
1009 3597 1081 3642 30=
1091 3594 1194 3662 pagina
1207 3595 1239 3645 30

97 3677 185 3732 huius
209 3679 305 3732 libelli.
344 3677 495 3732 Praeterea
517 3693 616 3732 moneo
635 3693 763 3731 versuum
784 3677 903 3732 confinia
921 3695 938 3730 a
956 3695 999 3732 me
1018 3678 1170 3746 significari
1188 3679 1240 3734 hac

97 3763 204 3816 lineola
226 3765 248 3830 l,
269 3763 398 3818 loliorum
418 3769 557 3818 rectorum
573 3768 602 3816 et
613 3778 756 3817 versorum
776 3762 846 3816 hac¹
877 3765 888 3826 ΙΙ
916 3763 934 3826 ²]
957 3763 1089 3818 hlinutias
1107 3765 1240 3818 adnotavi

98 3851 169 3903 has:
190 3865 262 3904 vers.
277 3851 305 3902 12
322 3855 430 3910 (versus
445 3856 510 3902 sunt
523 3847 640 3902 Useneri
655 3847 713 3911 hl.)
731 3849 850 3915 γένοιτο,
867 3863 928 3902 cum
941 3864 995 3902 ras.
1009 3863 1093 3916 supra
1105 3849 1157 3915 yll
1168 3848 1241 3903 Usc-

98 3935 173 3998 neri
194 3937 313 4002 γένοιτο,
335 3951 450 4004 supray
468 3935 549 3990 hasta
568 3949 648 3988 erasa
667 3941 711 3988 cst
735 3934 828 4000 paullo
847 3935 957 4002 longior
973 3935 1074 4001 prioris
1093 3934 1205 3987 litterae
1225 3954 1242 3984 ν

99 4021 183 4074 vocis
201 4019 350 4084 ἀθηναὶων
368 4037 441 4074 vers.
459 4022 486 4072 ll
502 4024 513 4084 ΙΙ
528 4023 557 4071 Π
577 4020 808 4088 καταλελεῖφθαι]
829 4021 1059 4089 καταλελεῖφθαι,
1081 4033 1166 4086 supra
1184 4027 1242 4072 ter-

100 4107 175 4160 tium
195 4125 212 4155 α
231 4121 284 4159 ras.
300 4109 311 4170 ll
323 4103 392 4174 μηδ’
414 4103 458 4170 ἂν]
479 4103 517 4173 μὴ
532 4103 559 4156 d⁰
574 4100 621 4166 ἃνς
643 4103 678 4158 cl.
694 4119 766 4172 quae
780 4106 813 4158 de
827 4106 878 4160 hac
891 4106 1028 4173 scriptura
1041 4103 1131 4156 dicam
1149 4102 1242 4172 Capl

99 4195 113 4257 ξ
135 4194 151 4241 3
174 4191 208 4242 in.
228 4194 238 4255 ll
259 4193 291 4242 tt
311 4190 393 4256 καθὸ]
419 4189 487 4242 καθ’
505 4189 520 4240 ὃ
539 4189 567 4244 Μ
584 4187 658 4241 zach
678 4189 699 4242 F
716 4192 727 4253 ΙΙ
749 4193 780 4240 65
805 4187 985 4259 ἀμελοῦντας]
1015 4185 1216 4255 ἀμελοῦνταῃμς

99 4279 134 4327 75
161 4267 293 4341 οἰαόὗν]
318 4275 424 4329 οὐκοῦν
444 4276 470 4329 Μ
496 4265 611 4327 οὐκόὖν
628 4275 658 4328 F.
691 4279 701 4340 ll
730 4276 750 4338 ³)
771 4271 913 4331 Accentus
932 4275 1100 4345 spiritusque
1122 4273 1245 4329 omissos
