3034 4896
750 328 964 387 -50...

286 509 410 578 nemsi
441 510 476 576 in
505 509 591 576 hune
614 510 654 576 de
681 531 744 593 quo
768 511 896 595 agimus
918 513 1025 580 locum
1056 513 1256 596 adhibemus,
1283 515 1424 582 absurda

284 612 320 680 fit
349 613 520 681 sententia.
566 611 651 679 Nam
678 615 828 698 positura
855 615 1064 699 discrepitant
1089 639 1157 697 res,
1196 618 1224 684 si
1252 619 1287 684 iu
1316 618 1425 685 medio
1510 637 1511 714 j

284 715 504 800 relinquimus,
522 723 628 782 unum
650 738 715 781 res
736 716 779 782 ad
794 718 894 784 verba
908 738 951 783 an
965 718 1008 784 ad
1022 738 1136 785 versus
1152 719 1322 804 pertineat,
1341 719 1424 786 nihil
1510 717 1511 798 J

284 817 373 885 aliud
393 817 557 901 significat
572 837 668 902 quam
684 837 797 885 remus
819 819 964 905 positura
978 822 1146 888 verborum
1162 822 1345 908 discrepare
1366 831 1425 890 aut

284 922 384 988 rerba
413 921 559 1007 positura
586 921 827 990 elementorum.
875 924 918 988 At
944 922 979 990 id
1000 931 1085 991 certe
1114 945 1178 992 non
1200 926 1317 1011 agitur,
1345 947 1424 994 num
1510 969 1511 1006 ,

285 1025 385 1091 verba
405 1025 458 1091 vel
479 1025 607 1091 litterae
629 1023 661 1090 in
685 1026 791 1111 capite
813 1027 866 1092 vel
888 1046 909 1091 a
931 1033 1022 1112 tergo
1043 1028 1150 1112 posita
1171 1029 1246 1096 sint.

370 1126 471 1193 Video
493 1126 588 1192 nimis
610 1127 738 1211 longam
762 1127 1013 1212 disputationem
1035 1150 1087 1197 me
1109 1130 1217 1198 iacere
1240 1131 1282 1198 dc
1311 1131 1420 1216 nugis,

283 1248 366 1311 qnae
388 1247 451 1312 quo
474 1227 678 1294 absurdiores
702 1237 791 1312 sunt,
818 1249 856 1296 eo
879 1229 1076 1300 difficiliores
1100 1233 1258 1313 refutatu;
1299 1234 1357 1301 sed
1379 1255 1424 1301 ne

282 1350 398 1397 munus
421 1331 611 1398 recensendi
633 1332 737 1398 levius
758 1339 914 1401 uacasse
929 1333 1051 1416 videar,
1077 1337 1174 1403 etiam
1189 1337 1309 1404 exitum
1325 1336 1424 1404 huius
1510 1395 1511 1402 ,

283 1434 346 1499 loci
369 1435 629 1520 contemplemur.
671 1433 742 1513 Quo
764 1434 845 1502 nihil
866 1443 973 1522 potest
993 1437 1128 1507 inveniri
1146 1441 1287 1506 stultius.
1335 1441 1422 1508 Nam

282 1557 356 1605 cum
378 1537 500 1604 dictum
522 1537 564 1603 sit
593 1539 643 1621 (II,
674 1541 756 1603 1020
771 1541 855 1623 sqq.)

901 1642 1050 1708 materiai

435 1764 604 1808 concursus
625 1751 727 1808 neotus
749 1745 824 1810 ordo
843 1745 991 1828 positura
998 1745 1132 1830 fipuroa

435 1867 505 1910 cum
522 1853 756 1929 permutantur,
781 1847 901 1912 mutam
920 1869 972 1912 res
993 1869 1116 1934 quoque
1137 1850 1257 1933 debcrtt,

278 1948 357 2033 quid
379 1948 467 2017 aliud
488 1948 564 2014 inde
587 1947 746 2032 colligitur
768 1970 863 2032 quam
892 1950 1013 2034 figuras
1035 1951 1262 2038 principiorum
1286 1973 1421 2039 permu-
1510 1959 1511 2012 l

279 2052 341 2118 tari
363 2057 480 2138 posse?
517 2051 610 2131 Quod
631 2059 827 2138 quantopere
849 2073 870 2120 a
891 2054 1032 2120 Lucretii
1060 2054 1102 2123 de
1131 2055 1248 2123 atomis
1271 2057 1421 2126 docmina
1510 2067 1511 2144 l

278 2155 441 2223 diversum
463 2154 514 2236 sit,
542 2154 736 2238 quicumque
751 2154 850 2220 libros
872 2156 1010 2241 primum
1025 2163 1057 2224 et
1071 2158 1246 2224 secundum
1262 2159 1417 2244 tetigerit,

278 2257 461 2343 perspiciet.

365 2359 473 2438 Quare
495 2368 616 2428 certum
639 2368 689 2428 est
717 2361 777 2428 hos
799 2381 911 2428 versus
935 2382 955 2428 a
977 2363 1126 2429 Lucretio
1148 2384 1211 2430 non
1233 2384 1307 2432 esse
1328 2385 1420 2432 conr·

278 2463 417 2549 positos;
445 2483 548 2548 neque
564 2483 639 2530 uero
654 2463 702 2530 sic
717 2463 845 2530 delendi
860 2471 1006 2549 possunt,
1026 2471 1060 2530 ut
1078 2466 1261 2532 Lucretium
1278 2486 1335 2533 eos
1349 2467 1420 2534 alio
1510 2471 1511 2478 ’

277 2566 348 2632 loco
369 2585 488 2651 ponere
509 2567 544 2630 in
565 2565 672 2632 animo
691 2565 844 2633 habuisse
865 2573 1024 2651 putemus,
1050 2565 1136 2650 quod
1150 2567 1293 2634 fecerunt
1308 2568 1419 2634 Lach—
1510 2625 1511 2646 ,

278 2688 414 2734 mannus
443 2676 476 2735 et
497 2669 694 2754 Bernaysius
722 2669 795 2735 aliis
818 2669 947 2752 quidem
969 2669 1075 2736 causis
1099 2670 1186 2736 moti.
1233 2669 1327 2736 Nunc
1349 2671 1418 2737 iarn

277 2792 349 2838 eam
372 2772 591 2855 quaestionem
615 2773 782 2838 absolvere
804 2791 986 2857 possumus,
1011 2792 1094 2856 quae
1116 2771 1157 2838 de
1179 2772 1419 2858 interpolatoris

276 2883 310 2942 et
331 2874 371 2942 de
394 2875 522 2942 lectoris
545 2875 728 2961 philosophi
756 2895 821 2941 una
841 2876 874 2940 in
905 2874 965 2941 hoc
994 2877 1065 2942 loeo
1087 2875 1295 2960 agnoscenda
1316 2896 1418 2961 opera

275 2987 363 3045 mota
385 2986 444 3046 est.
477 2980 582 3062 Atque
605 2998 732 3044 versum
757 2983 839 3044 1020
861 2980 917 3062 l:
933 2982 1005 3060 726)
1031 2999 1096 3046 nou
1110 2980 1152 3046 ab
1168 2997 1216 3060 eo,
1242 2978 1416 3061 quitatum

276 3083 359 3149 huno
379 3084 482 3149 locum
499 3082 699 3167 conscripsit,
718 3081 873 3148 insertum
890 3101 963 3148 esee
978 3088 1013 3148 ut
1028 3089 1192 3167 appareat,
1211 3084 1425 3166 argumentis.

276 3207 340 3253 non
362 3193 412 3252 est
433 3206 526 3270 opus.
566 3186 614 3251 Ac
635 3205 676 3251 ne
690 3185 904 3270 interpolandi
920 3185 1049 3268 quidem
1064 3205 1165 3252 causa
1180 3185 1326 3252 adiectus
1343 3195 1410 3252 eet:
1510 3221 1511 3224 π

275 3286 404 3373 quodsi
421 3295 517 3368 esset,
534 3307 612 3354 sane
625 3287 779 3354 facillima
789 3307 888 3373 opera
899 3288 968 3352 cras
980 3289 1013 3352 in
1025 3288 1104 3369 erce,
1118 3289 1238 3372 plcpaa
1248 3289 1282 3352 in
1292 3289 1416 3371 plapae
1510 3317 1511 3376 p

274 3398 398 3457 mutata
420 3397 539 3457 essent.
578 3391 693 3473 Itaque
709 3391 819 3456 lectori
835 3391 932 3457 alicui
949 3411 1022 3457 eum
1037 3391 1221 3472 tribuemus,
1248 3391 1313 3473 qni,
1341 3412 1413 3458 curn
1510 3381 1511 3456 l

274 3513 402 3560 versum
427 3496 488 3557 726
518 3492 672 3559 memoria
693 3499 834 3574 teneret,
866 3513 929 3576 quo
951 3492 1015 3577 ipsi
1037 3493 1160 3560 similes
1182 3513 1233 3560 res
1256 3494 1413 3560 contineri

273 3597 459 3662 viderentur
481 3602 577 3678 atque
599 3595 633 3662 in
658 3599 751 3676 1021,
777 3615 848 3661 eum
870 3595 906 3661 in
927 3596 1012 3662 hunc
1026 3597 1129 3663 locum
1145 3596 1410 3682 transscripserit.

275 3700 367 3767 Unde
396 3719 469 3766 cum
497 3699 531 3764 id
558 3698 663 3785 ipsum
693 3705 847 3783 appareat
877 3700 1027 3765 lectorem
1064 3699 1155 3765 illum
1184 3698 1412 3784 philosophum

273 3803 451 3888 posteriore
473 3808 617 3886 tempore
639 3801 759 3868 vixisse
781 3821 877 3885 quam
899 3802 1174 3886 interpolatorem,
1206 3800 1241 3867 id
1271 3821 1310 3868 eo
1333 3821 1412 3867 con-
1510 3809 1511 3838 ¹

272 3906 427 3988 firmatur,
455 3903 542 3987 quod
564 3903 616 3970 hic
639 3921 752 3969 versus
781 3905 883 3986 (1020)

479 4005 649 4070 intervalla
672 4006 739 4070 crim
762 4028 895 4070 caccone
912 4007 1058 4090 pondera
1075 4005 1193 4088 placas

275 4133 481 4244 Ἶ,
497 4179 560 4233 947ε
581 4178 759 4232 dissoluuntur·
776 4180 845 4231 enirn
859 4177 1000 4246 positurae
1014 4176 1222 4247 priactpr'orton.

269 4264 399 4324 conseras
417 4265 467 4328 IV,
488 4265 547 4318 667.
569 4265 628 4317 943.
