3006 4892
261 359 305 422 τε
695 395 739 404 -
786 360 870 442 [req
917 395 961 404 -

260 541 448 630 στρογγύλη
472 565 514 608 τε
541 544 589 628 [δὲ
605 545 690 610 F²M
713 545 807 630 volgo
822 553 897 612 ante
912 547 984 630 R¹)]
1010 546 1068 610 καί
1090 543 1241 632 δικανικὴ
1262 539 1402 626 ...οὐχ

262 635 364 732 ἧττόν
385 643 478 712 ἐστιν
498 640 518 733 ἡ
539 641 665 714 Ἰσαίου
687 647 776 728 λέξις
797 654 856 736 τῆς
877 651 974 716 Λυσί
1018 697 1025 712 .

349 770 382 834 p.
401 752 492 816 62611
516 746 700 833 δύναμίν
722 749 835 816 εἰσιν
856 751 902 818 F:
934 749 1080 834 δύναμιν
1102 749 1281 819 είσὶνΜΒ.

730 891 932 902 n—--—--——

350 975 493 1056 [155913
515 969 752 1059 χαριεντισμὸς
773 969 837 1059 γὰρ
867 980 937 1050 πᾶς
960 973 997 1041 ἐν
1018 973 1151 1060 σπουδῇ
1180 974 1237 1039 καὶ
1264 979 1403 1048 κακῶς

263 1075 384 1158 [καλῶς
395 1075 466 1158 MR]
486 1073 661 1161 γινόμενος
677 1069 790 1162 ἀωρον
804 1083 946 1162 πρᾶγμα
962 1078 1019 1142 καὶ
1033 1073 1290 1159 πολεμιώτατον
1302 1072 1399 1158 ἐλέῳ.

262 1177 466 1243 Florentinus
481 1179 550 1244 veri
565 1179 737 1262 vestigium
759 1199 892 1246 servans
914 1180 1079 1264 egregiam
1094 1179 1261 1246 eonfirmnt
1276 1179 1405 1244 Cusan-

262 1280 338 1346 boni
367 1280 579 1346 coniecturam
611 1282 663 1364 (ad
684 1281 828 1348 Persium
851 1303 885 1368 p.
906 1284 978 1366 128]
1010 1280 1047 1348 ἐν
1077 1280 1208 1366 σπουδῇ
1238 1281 1296 1346 καὶ
1326 1303 1403 1344 κα-

261 1393 351 1459 κοῖς
373 1378 560 1466 γινόμενος.
606 1381 700 1460 Quod
721 1383 808 1450 idern
831 1383 927 1450 scribi
945 1385 1015 1450 vult
1036 1380 1227 1469 γενόμενος,
1254 1401 1320 1448 11011
1340 1401 1404 1448 ns-

260 1485 437 1552 eessarium
459 1485 551 1551 duno.

347 1588 584 1670 Nonnunquam
613 1588 760 1656 dubitare
793 1589 915 1675 possis,
957 1595 1063 1656 utrum
1091 1588 1323 1654 Ambrosianus
1357 1608 1401 1653 an

261 1691 465 1757 Florentinus
488 1712 598 1757 veram
620 1691 790 1758 lectionem
812 1692 1007 1759 servaverit:

346 1814 379 1878 p.
398 1796 504 1858 4923ss
528 1791 564 1860 ἒν
586 1793 622 1858 ἀὲ
645 1800 692 1879 τῷ
714 1794 909 1881 διηγεῖσθαι
937 1791 979 1858 τά
1001 1789 1201 1880 πράγματα,
1237 1787 1324 1877 ὅπερ
1347 1787 1402 1856 οἶ-

258 1919 323 1979 μαι
344 1899 446 1983 μέρος
468 1897 629 1984 πλείστης
651 1896 760 1962 δεῖται
782 1896 963 1983 φροντίδος
986 1897 1043 1962 καί
1066 1896 1229 1983 φυλακῆς,
1263 1889 1401 1977 ἀναμ-

260 1994 449 2084 φιλόγως
475 1990 622 2084 ἡγοῦμαι
643 1995 823 2085 κράτιστον
845 1993 951 2065 αὐτὸν
972 1993 1224 2066 εἶναιπάντων
1245 1995 1403 2084 ῥητόρων

260 2101 305 2166 F:
333 2095 576 2187 ἀναμφιβόλως
591 2101 663 2166 MR.
711 2101 866 2186 Stephani
883 2101 1071 2170 Thesaurus
1092 2101 1187 2168 donet
1208 2107 1241 2167 et
1263 2099 1401 2166 adieeti-

259 2222 335 2268 vum
352 2197 587 2289 ἀναμφίβολος
609 2210 642 2270 et
655 2203 845 2270 adverbium
862 2197 1107 2292 ἀναμφιβόλως
1128 2203 1267 2290 primum
1282 2223 1304 2267 a
1318 2203 1399 2268 Dio-

259 2303 355 2390 nysio
383 2313 538 2390 usurpata
564 2325 650 2373 esse.
696 2305 822 2373 citatur
852 2314 980 2392 praeter
1008 2306 1094 2373 hune
1115 2326 1209 2391 quem
1237 2304 1401 2389 adscripsi

259 2407 366 2474 iocum
400 2428 441 2473 ex
469 2407 704 2493 Antiquitatum
737 2409 811 2475 libri
843 2409 930 2476 tertii
964 2429 993 2476 ο.
1019 2415 1071 2492 57,
1108 2431 1142 2494 p.
1168 2411 1243 2474 298⁵
1272 2407 1396 2474 Kiessl.

258 2513 357 2596 νίκην
379 2503 617 2597 ἀναμφίβολον
639 2510 787 2598 α’ίρεταιε
813 2519 848 2578 ut
870 2512 983 2597 optimi
1005 2511 1133 2578 eodioss
1160 2505 1400 2597 ἀναμφίλογον

259 2611 424 2679 exhibent.
470 2613 508 2678 In
536 2612 702 2680 rhetoricis
731 2614 858 2699 seriptis
881 2608 1127 2701 ἀναμφιβόλως
1155 2619 1284 2698 praeter
1313 2611 1399 2676 hune

259 2715 365 2782 ionum
386 2716 421 2781 in
446 2717 578 2800 vulgatu
600 2736 665 2782 non
687 2717 819 2801 legitur,
854 2724 965 2784 eontra
987 2709 1231 2803 ἀναμφιλόγως
1253 2736 1287 2800 p.
1306 2717 1394 2781 5571.

262 2823 389 2900 106511;
422 2818 509 2886 idem
543 2819 576 2886 in
604 2819 711 2886 indies
740 2820 916 2886 Reiskiuno
945 2840 986 2886 ex
1013 2820 1250 2904 Antiquitatum
1280 2817 1397 2886 laudn-

257 2927 309 2988 tur
339 2922 412 2987 iibri
434 2921 521 2988 tertii
543 2942 572 2988 ο.
590 2927 642 3004 41,
668 2924 808 3007 μίίίλτ,
842 2922 885 2988 ad
912 2941 1007 3006 quem
1036 2922 1142 2988 losum
1167 2920 1270 2987 addus
1293 2920 1397 2986 vles

258 3045 292 3110 p.
312 3028 403 3091 32411
430 3029 489 3111 τῆς
517 3028 613 3112 νίκης
642 3019 884 3112 ἀναμφιλόγως
917 3019 1126 3100 αἰτιώτατος.
1179 3023 1215 3090 Ρ.
1236 3027 1333 3088 utin
1360 3021 1395 3086 in

260 3127 471 3194 Ambrosisno
494 3133 545 3194 est
568 3121 816 3214 ἀναμφιλόγοις
840 3178 846 3191 .
869 3175 876 3190 .
901 3129 1102 3212 τεκμηρίοις,
1127 3125 1162 3190 in
1184 3124 1286 3208 Regin
1303 3121 1396 3190 Hud-

259 3230 331 3296 soni
352 3224 602 3316 ἀναμφιβόλως
627 3279 633 3293 .
655 3280 662 3293 .
686 3232 895 3316 τεκμηρίοις;
927 3228 1088 3294 inferioris
1116 3227 1234 3294 astutis
1260 3225 1395 3294 formum

258 3352 316 3419 pro
330 3352 409 3399 vers
430 3332 581 3398 librarius
600 3353 644 3398 ex
658 3331 891 3400 eomuetndine
911 3351 972 3399 sus
993 3329 1092 3400 dedit.
1132 3329 1225 3396 Idem
1246 3329 1326 3410 loeo,
1350 3327 1394 3394 de

257 3455 322 3520 quo
343 3435 486 3520 agimus,
518 3434 665 3502 evenisse
693 3454 826 3514 oensem
863 3431 1066 3500 seribendum
1095 3432 1194 3517 igitur
1220 3451 1293 3500 eum
1315 3430 1396 3524 lilo-

256 3539 382 3606 rentino
404 3531 658 3624 ἀναμφιλόγως.

344 3662 377 3726 p.
396 3643 516 3706 5651³ss
544 3637 582 3705 τὸ
611 3639 675 3723 μὲν
704 3627 765 3706 οάν
792 3633 917 3706 ὕπτιον
945 3639 1003 3703 καί
1030 3631 1305 3725 ἀναβεβλημένον
1333 3641 1394 3722 τῆς

257 3737 390 3831 ἀγωγῆς
419 3743 563 3810 καὶτῶν
584 3739 756 3830 περιόδων
778 3735 796 3808 ό
819 3739 1056 3828 χαριεντισμὸς
1079 3739 1189 3806 ἔνεστι
1218 3740 1289 3804 καὶ
1313 3735 1394 3802 τού-

257 3871 328 3924 τοις
356 3853 435 3932 (τοῑς
464 3841 594 3931 λόγοις,
620 3846 643 3912 i.
669 3866 698 3912 e.
724 3851 768 3930 τη·
792 3845 872 3930 περὶ
902 3851 960 3931 τῆς
989 3841 1121 3930 εἰρήνης
1150 3843 1207 3908 καὶ
1236 3849 1283 3928 τῷ
1310 3864 1393 3926 τρα-

256 3949 447 4034 πεζιτικῷ),
484 3943 527 4013 τὰ
554 3947 592 4014 di
621 3945 788 4033 θεατρικὰ
820 3953 887 4014 τῶν
915 3943 1097 4032 σχημάτων
1125 3948 1393 4028 τεταμιευμένως

256 4053 490 4139 παρείληπται
511 4051 556 4116 F¹
579 4070 658 4118 corr.
690 4053 828 4134 (abutum
850 4048 925 4115 edd.
950 4050 1030 4132 sq:
1058 4049 1184 4114 κανΡι
1200 4069 1250 4134 pr.
1281 4041 1341 4112 κάν
1356 4047 1390 4110 Μ

259 4195 463 4210 m

327 4260 345 4326 ¹)
364 4276 392 4311 τε
409 4257 436 4311 R
454 4273 489 4312 ex
508 4255 619 4312 Reiskii
637 4257 806 4312 coniectura.
