3006 4892
563 337 779 398 -77..

93 521 201 604 lisque
229 521 392 606 sulphuris
420 541 535 606 graves
565 542 661 588 suras
684 522 929 596 exhalantibus;
964 525 996 586 2.
1021 543 1119 609 saepe
1142 524 1241 591 aedes

95 623 283 689 fulminibus
304 625 446 691 accendi.
493 624 619 691 Deinde
640 625 837 690 demonstrat
859 625 943 691 huno
966 623 1110 691 fulminis
1132 626 1240 710 iguem

93 727 248 792 subtilem
271 747 343 793 eum
365 727 477 812 primis
499 728 627 812 ignibus
651 747 724 794 esse
747 748 768 792 a
790 733 906 792 nature
927 728 1151 804 constitutum
1178 749 1240 812 quo

93 830 198 895 verbs
222 831 348 895 tto—8
372 837 528 916 spectant,
556 837 651 913 etque
674 829 770 896 etium
793 830 939 896 versibus
963 835 1025 896 230
1042 851 1109 916 sqq.
1130 831 1239 898 fulmi-

92 932 148 998 nis
170 933 302 1000 effeetus
325 933 402 1000 solis
424 933 523 1000 oslori
546 939 765 1019 opponuntur:
793 954 867 999 nem
890 933 959 1000 voci
980 943 1097 1017 puncto
1119 935 1153 1002 in
1176 939 1238 1001 230

93 1036 277 1134 oppositum
300 1044 351 1103 est
372 1045 506 1102 aetutem
527 1036 562 1102 in
584 1040 658 1102 236.
706 1037 743 1103 In
767 1036 873 1102 verbis
896 1057 972 1104 vero

228 1140 341 1204 transit
362 1141 444 1204 enim
465 1140 603 1205 ualidum
615 1140 748 1224 fulmen
766 1162 826 1223 per
847 1162 925 1204 susa
942 1163 1004 1224 per
1025 1163 1100 1205 uera

93 1241 136 1308 de
159 1243 257 1326 ignea
279 1242 422 1309 fulminis
445 1250 558 1308 natura
581 1242 709 1309 omnino
732 1263 795 1308 nou
817 1241 936 1327 agitur·

185 1344 309 1412 Deinde
339 1345 414 1430 quid
444 1346 495 1414 hio
524 1345 604 1411 illud
628 1346 765 1410 validum
788 1346 850 1411 sibi
873 1346 959 1426 vult,
986 1367 1058 1412 oum
1081 1354 1176 1431 poeta
1199 1346 1238 1414 de

93 1448 273 1515 subtilitate
296 1449 438 1516 fulminis
460 1448 632 1516 dicendum
654 1449 715 1514 sibi
731 1449 941 1534 proposuerit,
961 1450 1151 1535 praesertim
1167 1471 1239 1516 oum

94 1551 139 1618 de
161 1551 193 1616 vi
217 1551 286 1618 eius
308 1552 383 1619 inde
406 1573 426 1618 a
449 1555 511 1618 239
535 1552 664 1618 demum
686 1556 784 1636 agate
808 1589 845 1600 -

185 1655 369 1738 Sequuntur
391 1655 453 1722 duo
475 1655 548 1734 loei,
573 1657 628 1738 qui
651 1654 858 1720 Lachmanno
880 1654 923 1720 ad
946 1655 1072 1722 lectoris
1096 1655 1238 1741 philoso-

96 1758 154 1844 phi
184 1777 313 1842 0persm
344 1758 501 1843 pertinere
534 1757 691 1838 videntur,
730 1757 808 1824 mihi
842 1778 862 1823 a
889 1759 1100 1842 grammatico
1133 1759 1238 1845 potius

99 1861 228 1928 inserti:
546 1862 600 1942 lv,
627 1863 795 1926 tos-801

251 1973 362 2029 tanta
385 1974 443 2029 est
463 1964 703 2048 mobilitas¹l
732 1971 769 2028 et
790 1985 925 2027 rerum
947 1964 1062 2047 eopia
1085 1973 1210 2029 tanto.

250 2067 309 2132 hoe
331 2068 400 2131 uta·
414 2068 548 2151 primo
563 2067 677 2151 perit
699 2066 861 2150 alioque
883 2075 939 2131 est
960 2067 1097 2132 altera
1118 2082 1210 2132 natu

249 2170 340 2234 inde
367 2179 492 2250 statu,
524 2171 637 2254 prior
665 2170 727 2233 lio
754 2178 910 2254 pestem
940 2179 1112 2235 mutasse
1135 2171 1195 2234 ei-

306 2275 433 2338 detur.

145 2381 215 2458 (771
244 2377 370 2462 quippe,
395 2377 464 2441 urbi
478 2376 612 2459 prima
629 2377 743 2459 perit
765 2376 1237 2460 alioqueertalteranata

249 2480 340 2543 inde
368 2488 495 2558 statu,
524 2480 645 2562 prior
670 2479 735 2542 lic
762 2487 913 2564 pestum
941 2487 1114 2544 mutasse
1136 2480 1195 2544 oi-

306 2585 435 2647 detur.

250 2686 377 2767 seilicet,
403 2685 529 2770 idfieri
549 2685 645 2749 celeri
665 2685 787 2748 ratione
804 2685 1033 2768 putandumst:

253 2797 368 2852 tanta
391 2796 449 2852 est
470 2788 680 2852 mobilitas
701 2797 739 2852 et
760 2809 891 2851 rerum
913 2787 1029 2870 eopia
1053 2789 1191 2870 tanta.)

597 2892 635 2970 v,
666 2895 747 2956 1315

254 2993 471 3076 terrificas
485 2993 658 3077 capitum
675 2993 902 3077 quatientes
916 2993 1219 3076 uudt’queer·u'stus

101 3099 158 3181 (ll,
175 3101 238 3162 63¹2
256 3097 470 3181 terrificas
486 3096 905 3180 capitumquatu'entes
920 3095 1053 3160 momine
1068 3095 1234 3178 cristas.)

94 3203 183 3268 Nam
219 3199 368 3282 quoniam
405 3219 460 3284 pg.
497 3204 534 3263 14
569 3199 725 3264 vidimus
748 3200 898 3264 lectorem
937 3198 1241 3283 interpolationibus

94 3324 233 3391 operum
262 3323 325 3368 uon
355 3303 498 3382 dedisse,
532 3321 573 3368 ne
603 3301 662 3367 hus
692 3301 819 3384 quidem
842 3301 1105 3386 interpolationes
1129 3300 1158 3366 ei
1182 3301 1240 3366 tri-

95 3412 246 3476 buemus.
287 3403 505 3489 Interpolandi
527 3411 634 3470 autem
657 3424 757 3470 eausa
778 3423 832 3470 eos
856 3422 968 3468 versus
991 3403 1143 3487 repetitos
1167 3423 1240 3469 esse

96 3513 217 3590 elucet,
243 3529 315 3575 oum
338 3508 411 3574 ideo
427 3507 540 3575 mutati
563 3507 638 3586 sint,
664 3514 699 3572 ut
721 3507 824 3572 altero
846 3506 915 3570 loeo
930 3505 1077 3571 omnibus
1099 3525 1140 3570 ex
1163 3526 1241 3590 pur-

96 3616 187 3680 tibus
210 3633 282 3678 oum
305 3611 459 3697 proximis
481 3611 652 3678 convenire
675 3609 869 3676 viderentur.
895 3645 939 3656 -

188 3715 274 3782 Satis
297 3714 429 3780 dillioile
451 3721 501 3780 est
521 3713 674 3780 iudicium
697 3713 738 3779 de
762 3711 907 3778 versibus

568 3816 606 3896 v,
622 3817 774 3880 ossus
888 3899 891 3902 Ι

189 3923 273 3986 tela
304 3921 484 4006 ubsreeto
506 3942 574 3984 suo
599 3918 828 4003 tinpuentes
849 3916 1042 4000 sanquine
1064 3916 1150 3981 saevi

187 4025 221 4089 ἐκ
242 4023 442 4106 sesrocta
463 4045 532 4088 suo
557 4023 792 4106 tinpuentes
814 4019 1014 4105 sanquine
1038 4021 1130 4084 tela.

171 4165 188 4226 ¹)
210 4161 286 4231 quod
306 4161 334 4215 in
353 4159 496 4215 codicibus
516 4159 589 4214 inest
606 4164 682 4212 tanta
695 4157 849 4220 rnobu'ls'tast,
870 4156 1047 4211 librariorum
1062 4156 1242 4225 neglegentis

96 4248 214 4303 uidetur
230 4248 386 4316 irrepsisse.
