3034 4896
224 1245 308 1359 Duo
330 1313 451 1376 genera
477 1313 626 1360 versuum
649 1293 837 1360 iteratorum
867 1294 908 1358 ab
930 1293 1021 1359 initio
1044 1293 1272 1378 distinguenda

137 1401 231 1461 suut:
263 1395 398 1461 alterurn
422 1416 547 1477 eorum,
573 1395 688 1480 quiex
710 1397 782 1480 ipsa
805 1396 875 1462 eius
902 1416 1038 1481 poeseos
1066 1405 1182 1464 natura
1211 1399 1271 1464 orti

137 1504 223 1580 suut,
249 1499 303 1564 ubi
324 1499 483 1583 leguntur,
510 1501 598 1565 velut
627 1501 660 1565 in
690 1500 791 1585 epicis
820 1499 1015 1564 carminibus
1044 1500 1268 1585 popularibus;

136 1600 272 1668 alterum
294 1601 436 1668 continet
458 1622 523 1684 eos,
550 1603 603 1684 qui
627 1611 714 1668 certo
737 1602 870 1669 consilio
890 1609 1039 1685 certaque
1056 1610 1125 1669 arte
1140 1625 1161 1668 a
1175 1612 1273 1688 poeta

134 1705 245 1772 iterati
256 1713 342 1772 suut:
357 1705 448 1771 ouius
461 1706 588 1789 generis
600 1727 721 1789 omnes,
736 1726 819 1790 quae
831 1705 863 1771 in
873 1706 995 1771 Horatii
1008 1706 1201 1772 carminibus
1214 1728 1273 1773 ex-

135 1817 233 1890 stant,
252 1809 437 1874 iterationes
454 1829 526 1875 esse
542 1809 768 1874 Lachmannus
783 1808 817 1874 iu
832 1810 989 1893 Philolog.
1003 1810 1029 1891 Ι,
1048 1813 1108 1874 166
1124 1816 1268 1876 testatur.

222 1913 290 1977 Iam
319 1912 348 1978 si
370 1911 510 1979 Lucretii
538 1911 679 1978 carmina
707 1933 777 1978 cum
801 1910 903 1977 Iliade
933 1913 985 1978 vel
1009 1911 1156 1998 Odyssea
1185 1933 1272 1978 eom-

134 2015 367 2100 paraverimus,
394 2036 465 2080 cum
489 2037 529 2082 ea
550 2017 621 2082 sola
642 2015 822 2082 intercedat
844 2014 1029 2098 similitude,
1055 2015 1141 2098 quod
1160 2015 1272 2082 eodem

133 2123 271 2202 utraque
294 2125 395 2184 metro
417 2119 595 2203 composita
624 2126 714 2200 sunt,
747 2139 788 2184 ue
817 2116 1003 2184 iterationes
1034 2119 1162 2201 quidem
1190 2120 1273 2186 tales

134 2221 225 2306 apud
246 2218 335 2286 illum
350 2222 513 2288 inventum
529 2223 570 2288 iri
585 2221 854 2307 exspectabimus,
880 2223 992 2304 quales
1007 2221 1040 2286 iu
1057 2222 1185 2288 Homeri
1201 2243 1274 2288 car-

133 2325 276 2391 minibus
299 2333 476 2406 oocnrrant,
502 2326 638 2393 sedeas
662 2328 765 2410 solas,
792 2346 876 2410 quae
902 2326 936 2390 in
958 2325 1137 2392 hexametri
1160 2333 1275 2392 natura

134 2429 262 2516 positae
284 2429 359 2496 siut.
405 2430 487 2496 Nam
511 2430 596 2514 quod
619 2450 716 2514 saepe
738 2450 779 2495 ne
801 2428 888 2514 apud
911 2449 1026 2514 prusae
1049 2428 1176 2512 quidem
1200 2453 1274 2497 ora-

134 2531 233 2598 tionis
249 2533 420 2616 scriptores
435 2532 622 2617 diligentius
633 2533 787 2598 evitatum
800 2532 970 2614 cernimus,
986 2539 1021 2596 ut
1032 2532 1188 2616 quasdam
1202 2555 1274 2600 rer-

133 2638 248 2703 borum
264 2637 499 2703 coniunctiones
515 2637 548 2702 in
564 2636 688 2703 deliciis
703 2637 854 2718 babeant,
869 2636 903 2701 id
915 2636 1020 2702 minus
1032 2635 1164 2703 offendit
1179 2637 1213 2703 iu
1228 2639 1275 2705 eis

134 2740 313 2826 poematis,
348 2760 448 2823 quae,
482 2741 510 2806 si
539 2741 682 2806 eiusdem
705 2759 816 2806 versus
839 2739 1076 2806 continuatione
1100 2743 1276 2826 composita

133 2849 224 2924 suut,
250 2844 283 2908 in
298 2843 403 2909 verbis
419 2844 582 2910 variandis
602 2851 718 2928 poetae
734 2864 870 2927 magnas
885 2843 1090 2909 difficultates
1106 2846 1270 2929 praebent.

133 2946 273 3013 Accedit
287 2967 488 3014 numerorum
512 2948 572 3029 vis,
592 2968 665 3031 qua,
691 2968 775 3030 quae
790 2946 861 3030 quis
876 2947 977 3013 semel
992 2947 1160 3030 expressit,
1179 2947 1276 3015 facile

132 3050 171 3115 in
191 3051 342 3115 memoria
356 3050 499 3133 haerent,
526 3051 573 3116 ita
595 3057 640 3128 ut,
666 3051 694 3116 si
716 3051 844 3134 quando
859 3050 944 3115 idem
962 3048 1204 3135 exprimendum
1220 3051 1272 3134 sit,

130 3151 252 3220 eodem
277 3173 389 3218 versus
419 3154 488 3218 loco
518 3153 639 3220 eisdem
667 3152 773 3220 verbis
803 3159 921 3218 utatur.
969 3151 1061 3218 Unde
1092 3153 1188 3218 etiarn
1217 3174 1276 3220 eae

129 3256 326 3322 iterationes
349 3256 503 3341 originem
526 3256 701 3340 duxerunt,
734 3276 813 3340 quas
835 3257 871 3321 in
893 3256 1086 3322 Graecorum
1109 3264 1275 3341 poetarum

131 3359 330 3441 tragicorum
353 3359 506 3426 diverbiis
528 3382 590 3425 non
614 3379 734 3445 paucas
758 3359 904 3443 legimus.
945 3361 1059 3442 Itaque
1080 3361 1114 3426 in
1135 3362 1275 3427 Lucretii

129 3463 332 3528 carminibus
356 3463 511 3529 eiusmodi
539 3463 656 3529 iterata
686 3464 765 3529 satis
793 3465 895 3529 multa
922 3464 986 3547 legi
1016 3485 1078 3529 nou
1110 3465 1273 3530 miramur.

129 3568 187 3633 Ac
209 3566 380 3651 praecipue
409 3567 533 3632 initium
557 3588 707 3632 versuum
736 3588 839 3650 usque
869 3568 911 3633 ud
942 3588 1108 3634 caesuram
1139 3568 1275 3653 penthe-

128 3669 302 3736 mimerem
319 3678 351 3737 et
365 3672 512 3736 clausula
534 3671 686 3736 memoria
702 3678 859 3737 tenentur.
900 3672 942 3737 Ut
956 3672 1111 3737 nonnulla
1127 3673 1276 3756 exempla

129 3772 317 3856 afferam¹),
338 3774 453 3839 habes:
472 3775 572 3838 multu
587 3773 686 3838 modt's·
701 3773 808 3838 multis
824 3775 849 3855 Ι,
867 3778 941 3838 341.
960 3775 1002 3856 ΙΙ,
1023 3779 1096 3838 654.
1115 3774 1170 3854 IV,
1191 3778 1271 3851 7253

131 3875 269 3940 illudio
284 3875 333 3938 tia
348 3879 438 3940 reduc
454 3877 480 3956 Ι,
501 3879 553 3940 80.
569 3880 642 3940 370.
666 3880 757 3940 1052.
777 3875 818 3958 II,
839 3879 912 3940 308.
931 3877 988 3958 III,
1009 3879 1083 3940 370.
1102 3877 1156 3957 VI,
1180 3879 1272 3941 1056.

134 3981 241 4056 1230;
269 3979 373 4043 omnio
392 3981 607 4064 poatrcm01L
628 3983 702 4045 408.
730 3985 809 4062 4563
836 3980 869 4043 ia
892 3989 1019 4044 careotas
1042 3979 1179 4064 credique
1195 4001 1277 4062 par-

133 4081 181 4147 ab
203 4081 236 4162 Ι,
274 4085 365 4148 1007.
397 4084 445 4165 11,
472 4085 524 4147 93.
554 4087 626 4148 131.
652 4085 706 4164 IV,
735 4087 814 4163 725;
847 4085 932 4168 quod
956 4083 1052 4147 iaaac
1080 4104 1224 4146 vocamus
1245 4082 1272 4162 I,

132 4207 197 4214 ...μ-.-

210 4255 227 4320 ¹t
248 4269 345 4308 omnes
363 4255 441 4310 locos
460 4255 593 4324 colligere
611 4255 698 4310 uolui.
