3010 4896
475 273 744 361 -[111]-
894 319 895 324 .
1007 249 1008 252 ‘
1146 277 1187 339 15

66 469 130 546 Quid
159 475 266 534 autem
297 468 331 534 in
358 489 453 534 causa
483 468 593 544 fuerit,
624 490 681 534 cur
711 489 775 534 non
808 469 965 554 extemplo
995 491 1074 554 pace
1106 469 1192 536 facta

66 598 150 641 noros
174 576 310 640 diruerit
328 574 498 657 Lysander,
517 575 666 658 explicari
685 596 749 640 uon
767 596 859 659 posse
877 583 964 641 recte
982 576 1063 642 vidit
1081 577 1191 642 Stede-

66 682 170 758 leldtus,
197 681 253 763 qui
280 687 316 746 ut
343 679 563 763 comprobaret
590 681 698 745 statim
726 701 803 764 pace
826 682 973 748 conclusa
994 681 1192 766 Lysandrum

66 809 152 852 muros
180 787 341 862 deiecisse,
369 785 430 850 hac
452 787 726 868 argumentatione
753 809 827 852 usus
855 794 915 874 est:
947 789 1122 867 „Quamdiu
1146 790 1192 854 illi

67 915 152 958 muros
173 891 340 968 haberent,
367 891 481 975 quibus
505 913 538 958 se
561 891 776 970 defenderent,
798 915 902 959 nonne
925 893 994 959 fieri
1016 897 1130 979 potuit,
1157 901 1194 959 ut

66 999 127 1064 belli
148 999 270 1064 felicius
293 998 464 1062 renovandi
492 1019 580 1080 spem
607 999 820 1082 conciperentl
870 998 953 1064 Sane
976 1001 1054 1083 quin
1077 1001 1193 1066 iterum

67 1106 296 1181 devincerentur,
318 1104 371 1168 vix
393 1102 525 1168 dubium
548 1110 625 1180 erat,
653 1106 709 1170 sed
732 1111 817 1170 certe
840 1107 901 1170 nisi
924 1105 1113 1184 hominibus,
1136 1130 1193 1190 pe-

66 1214 152 1286 cunia,
168 1219 310 1294 tempore
329 1211 497 1292 insumptis
521 1210 554 1304 id
576 1211 686 1292 peragi
709 1213 841 1295 nequiit,
863 1215 959 1294 atque
978 1213 1104 1279 omnino
1124 1216 1194 1297 quis

65 1318 207 1401 putaverit
229 1324 355 1381 tantum
378 1337 515 1400 unquam
539 1316 684 1381 fortunae
707 1317 831 1382 dedisse
854 1318 966 1382 ducem
988 1320 1193 1402 sapienteml“

66 1423 168 1488 Contra
199 1445 279 1508 quae
311 1423 474 1488 Rennerus
506 1421 671 1504 disputans
703 1445 732 1505 p.
762 1425 800 1486 11
835 1432 1058 1490 commemorat
1089 1433 1122 1490 et
1153 1426 1194 1491 ab

65 1529 296 1596 Atheniensibus
322 1528 519 1612 Lysandrum
547 1527 672 1592 obsides
704 1529 860 1610 accepisse
888 1535 921 1594 et
952 1552 988 1594 eo
1020 1533 1084 1596 iam
1115 1538 1194 1597 tem·

65 1658 129 1718 poro
154 1636 355 1719 optimatium
382 1634 551 1698 factionem
578 1633 835 1699 Lacedaemoniis
863 1637 1035 1706 studuisse:
1068 1639 1195 1702 omnino

65 1747 157 1806 autem
182 1750 307 1808 tantam
330 1741 469 1804 omnium
492 1760 599 1804 rerum
620 1738 759 1822 inopiam
783 1746 815 1804 et
840 1742 1089 1824 magnitudinem
1112 1743 1196 1808 cala»

66 1849 171 1912 nitatis
198 1855 268 1912 tum
294 1847 390 1912 fuisse
413 1850 534 1920 censet,
560 1851 597 1908 ut
619 1845 699 1908 nihil
726 1845 894 1928 periculosi
923 1847 1084 1924 habuerit,
1111 1850 1195 1930 quod

66 1952 214 2036 Lysander
246 1954 332 2037 pacis
364 1952 583 2018 condicionum
614 1957 739 2033 partem
770 1973 833 2014 non
866 1959 1030 2017 exsecutus
1064 1955 1196 2018 Athenis

66 2059 241 2126 discesserit.
287 2059 406 2136 Quibus
429 2057 594 2140 Curtius¹)
617 2057 722 2132 addit,
745 2079 782 2121 ex
805 2057 989 2141 Thucydide
1014 2059 1065 2143 (V,
1090 2061 1131 2124 26
1155 2053 1197 2124 τὰ

65 2159 162 2250 μακρὰ
179 2168 272 2251 τείχη
290 2166 346 2229 καὶ
364 2155 426 2228 τὸν
441 2165 582 2249 Πειραιᾶ
601 2161 803 2247 κατέλαβον)
822 2163 855 2226 in
874 2162 986 2228 Piraeo
1005 2165 1197 2248 praesidium

65 2273 193 2352 posuisse
232 2271 495 2336 Lacedaemonios
532 2270 646 2343 videri3
685 2273 852 2350 praeterea
887 2271 1027 2334 nondum
1063 2270 1198 2352 Agidem

66 2376 196 2444 Deceleis
220 2376 413 2460 praesidium
436 2374 620 2450 abduxisse,
639 2373 703 2438 sed
731 2396 801 2439 cum
829 2375 963 2458 triginta
984 2376 1044 2439 viri
1068 2377 1197 2441 institu-

66 2491 190 2560 erentur,
214 2489 326 2548 contra
348 2481 459 2546 urbem
481 2479 657 2562 profectum
681 2501 748 2544 esse
772 2480 855 2564 (Lys.
876 2480 947 2556 XII,
968 2482 1034 2568 71),
1057 2503 1119 2565 quo
1142 2483 1197 2546 de-

66 2610 139 2652 mum
161 2589 247 2654 facto
266 2588 438 2654 exercitum
462 2587 617 2650 dimisisse
641 2608 712 2651 eum
731 2585 939 2669 Spartamque
962 2589 1081 2654 redisse
1105 2588 1197 2674 (lien.

67 2693 341 2778 busta&

144 2801 208 2866 Fac
239 2807 345 2864 autem
377 2799 539 2862 Rennerus
571 2804 604 2862 et
635 2797 761 2862 Curtius
793 2803 878 2863 recte
910 2800 957 2864 ita
983 2799 1200 2875 iudicaverint,

66 2911 161 2970 tumen
183 2926 293 2982 causa,
321 2927 377 2970 cur
404 2926 467 2968 non
495 2903 604 2968 statim
627 2903 789 2986 Lysander
812 2906 1011 2970 condiciones
1034 2913 1200 2972 exsecutus

67 3013 109 3088 sit,
131 3013 337 3077 desideratur.
381 3010 490 3094 Neque
513 3011 596 3074 enim
620 3010 790 3092 quidquam
814 3010 905 3086 valet,
931 3011 1015 3094 quod
1038 3011 1201 3076 Rennerus

68 3140 91 3198 p.
113 3119 151 3182 12
177 3119 230 3183 his
258 3117 361 3181 verbis
388 3115 494 3181 affert:
531 3115 659 3198 „Neque
688 3136 760 3178 vero
788 3137 929 3190 caussae,
961 3122 1091 3199 propter
1122 3140 1201 3200 quas

69 3222 184 3300 iniecta,
222 3229 260 3286 ut
289 3224 448 3298 videatur,
484 3243 518 3285 re
551 3222 743 3298 discesserit,
777 3222 900 3286 desunt.
960 3221 1077 3286 Notum
1110 3225 1202 3300 enirn,

68 3329 232 3411 Spartanos
260 3328 404 3394 hostibus
432 3327 599 3392 debellatis
627 3349 693 3392 rem
721 3328 768 3390 ita
794 3328 961 3392 instituere
988 3329 1097 3392 solitos
1126 3350 1203 3405 esse,

69 3439 98 3496 ut
125 3456 180 3499 sua
213 3443 326 3518 sponte
359 3456 392 3499 se
424 3433 578 3516 subjicere
610 3433 793 3497 viderentur
825 3435 973 3517 pacisque
1006 3435 1202 3500 conditiones

69 3541 118 3620 ipsi
157 3546 431 3624 exsequ'erentur.“
499 3538 588 3603 Bello
629 3541 712 3602 enim
753 3537 1018 3621 Peloponnesiaco
1059 3540 1203 3605 confecto

70 3645 130 3727 quis
161 3647 372 3712 Athenienses
407 3666 440 3709 se
470 3666 528 3710 sua
564 3650 675 3728 sponte
712 3643 880 3709 subiecisse
916 3665 1083 3727 murosque
1119 3647 1204 3728 ipsos

70 3751 143 3816 ultro
187 3753 343 3817 delevisse
388 3771 543 3833 navesque
588 3750 845 3815 Lacedaemoniis
894 3735 1064 3815 tradidisse
1108 3759 1203 3834 puta-

71 3858 158 3923 verit?
217 3859 268 3922 Ac
301 3879 342 3922 ne
374 3856 474 3921 Curtii
512 3856 638 3941 quidem
675 3854 771 3920 verba
806 3856 883 3921 mihi
920 3854 1095 3922 sufficiunt:
1131 3879 1204 3922 nam

73 3965 145 4042 quod
177 3985 235 4028 nos
270 3984 391 4028 mamm
422 3965 543 4027 ratione
575 3963 729 4046 Lysandri
761 3961 872 4026 habita
904 3963 983 4027 scire
1016 3985 1079 4028 non
1112 3985 1204 4046 posse

74 4075 180 4146 censet,
206 4089 293 4152 quae
316 4069 511 4134 clandestina
537 4068 668 4133 consilia
690 4067 730 4130 de
757 4067 855 4132 classe
883 4076 916 4133 et
942 4070 1040 4134 muris
1064 4068 1204 4134 Athena-

155 4303 172 4348 ¹³·
190 4299 231 4352 11⁴
251 4315 280 4366 p.
301 4297 354 4350 840
372 4299 432 4352 asin.
451 4300 510 4352 212.
