2982 4884
534 389 577 399 -
626 351 708 434 tarr]
756 387 798 396 -
1136 445 1140 468 ‚
1173 352 1237 414 ιιι

106 565 172 606 τιον
194 533 305 606 αὐτῶν
328 539 466 617 ἐκείνοις
481 537 695 625 neormam
720 535 758 604 τὸ
784 537 904 618 ,Ἀλλὰ
920 545 992 604 πᾶν
1007 531 1238 604 τοῦναντίον“··

105 639 197 730 ἤρκει
220 639 283 728 γὰρ
307 637 417 709 αὐτῶν
442 641 601 730 εἰρῆσθαι
623 641 785 727 θάτερον.
831 641 913 728 ἐξῆν
937 665 971 706 τε
1002 638 1065 727 γὰρ
1093 645 1176 724 μίαν
1206 639 1242 706 ἐκ

107 754 171 812 τῶν
186 746 278 812 δυεῖν
292 753 434 833 ποιῆσαι
448 746 620 832 περίοδον,
648 747 704 811 καὶ
722 750 982 830 συντομωτέραν
997 747 1054 810 καὶ
1068 749 1242 831 χαριεστέ-

107 871 185 934 ραν·
218 854 300 926 ,Τίς
323 847 386 934 γὰρ
410 844 452 916 ἂν
474 843 624 916 ἄλλοθεν
647 846 805 916 ἐπελθὼν
828 843 887 914 οὐκ
911 843 953 914 ἂν
974 853 1161 931 μαίνεσθαι
1183 871 1241 913 νο-

102 958 232 1034 μίσειεν
255 947 356 1038 ἡμᾶς·
383 955 416 1017 οἳ
439 951 715 1039 φιλοτιμούμεθα
738 953 801 1035 μὲν
821 951 879 1017 ἐιτὶ
895 965 965 1028 τοῖς
981 958 1047 1018 τῶν
1063 949 1242 1036 προγόνων

102 1055 222 1141 ἔργοις,
251 1050 349 1123 οὐδὲν
371 1056 407 1122 δὲ
430 1063 496 1123 τῶν
519 1051 630 1123 αὐτῶν
652 1056 792 1133 ἐκείνοις
808 1053 1040 1142 ττράττομεν;“
1065 1056 1241 1141 Dionysius

103 1169 273 1244 postquam
296 1181 322 1226 c.
345 1165 382 1223 17
406 1161 586 1227 Isocrateae
609 1160 756 1226 dictionis
779 1161 959 1244 exemplum
979 1181 1019 1226 en
1043 1159 1185 1226 oratioue
1201 1159 1241 1224 de

102 1283 183 1348 pace
212 1264 238 1347 ξς
261 1267 412 1348 41-50)
440 1265 589 1348 protulit,
623 1265 766 1349 proximo
790 1265 894 1348 eapite
917 1285 987 1329 cum
1011 1264 1146 1329 virtutes
1169 1261 1239 1329 eius

100 1375 169 1432 tum
192 1367 271 1432 vitia
293 1375 469 1434 enumerat.
516 1368 606 1433 Haeo
628 1375 663 1434 ut
684 1368 832 1449 illustret,
859 1368 891 1432 in
914 1368 1018 1453 prima
1040 1367 1147 1434 statim
1167 1387 1243 1433 seu-

102 1469 204 1535 tentia
239 1471 336 1554 §413
372 1469 421 1535 bis
452 1477 540 1536 terve
569 1471 654 1536 idem
684 1471 803 1536 dietum
833 1489 905 1538 esse
935 1468 1074 1536 ostendit
1107 1472 1145 1549 (c.
1174 1471 1237 1554 19).

104 1575 200 1639 Ratio
223 1581 330 1639 autem
354 1573 513 1658 probandi
535 1573 616 1640 baec
639 1580 705 1656 est,
738 1581 773 1640 ut
794 1574 828 1640 in
849 1575 1009 1659 prioribus
1032 1574 1110 1639 colis
1133 1579 1242 1657 poete-

103 1678 189 1742 riora
211 1677 320 1743 inesse
342 1676 556 1758 demonstret3
582 1677 668 1760 quod
691 1697 762 1742 oum
781 1677 869 1760 dicit,
896 1699 934 1744 eo
956 1679 1027 1762 ipso
1050 1677 1241 1745 sententiam

100 1787 225 1846 tantum
247 1781 364 1846 inillis
387 1781 521 1847 eandem
545 1801 618 1848 esse
641 1781 811 1866 significat,
837 1801 901 1848 non
923 1783 1054 1848 verbum
1071 1781 1168 1847 verbo
1189 1800 1241 1845 re-

12 1933 13 1936 *
99 1884 272 1968 spondere.
320 1885 430 1950 Priora
459 1885 522 1951 tria
550 1887 621 1952 cola
648 1887 823 1953 enuntiatis
852 1886 1036 1952 causalibus
1068 1885 1236 1950 finiuntur:

99 1984 244 2069 δυνάμει
266 1983 329 2072 γὰρ
346 1983 449 2074 ἄμφω
473 1982 590 2069 ταύτά,
617 1986 655 2053 τὸ
672 1986 735 2076 γὰρ
751 1983 833 2056 αὐτὸ
852 1991 1111 2076 φιλοτιμεῖσθαί
1133 2012 1167 2054 τε
1184 1989 1241 2052 καὶ

100 2090 267 2170 ἐπαινεῖν,
297 2084 388 2177 ἤρκει
410 2088 473 2177 γὰρ
497 2086 608 2158 αὐτῶν
631 2091 792 2179 εἰρῆσθαι
815 2089 973 2177 θάτερον,
1008 2111 1140 2174 quorum
1163 2111 1241 2157 con-

98 2193 188 2258 dicio
202 2213 332 2277 prorsus
344 2193 473 2260 diversa
487 2202 547 2260 est.
582 2195 665 2260 Nam
682 2215 753 2260 oum
769 2195 877 2279 priora
892 2194 935 2260 ad
949 2193 1078 2278 singula
1092 2193 1242 2278 exempla

99 2295 247 2382 proxime
262 2295 488 2382 praecedentia
510 2297 695 2382 respiciant,
722 2297 850 2363 tertium
873 2292 965 2384 ἤρκει
988 2293 1052 2383 γὰρ
1069 2289 1179 2362 αὐτῶν
1194 2294 1241 2360 el-

11 2397 13 2404 ’
97 2403 233 2486 ρῆοθαι
246 2395 397 2484 θάτερον
419 2398 584 2466 adomnia
606 2401 667 2466 tria
682 2402 832 2485 exempla
853 2401 1007 2486 pcrtinet;
1033 2400 1182 2466 nimirum
1201 2420 1241 2467 ex

97 2515 147 2568 ter
166 2503 252 2568 binis
269 2502 347 2568 colis
362 2510 411 2568 ter
426 2503 555 2586 singula
577 2523 694 2588 ponere
716 2512 768 2570 sat
783 2511 862 2571 erat.
910 2506 1000 2571 Haeo
1022 2525 1055 2570 re
1073 2523 1148 2570 vera
1162 2504 1242 2569 Dio-

97 2606 231 2689 nysium
253 2606 396 2689 intellegi
412 2605 552 2672 voluisse
568 2608 683 2692 probat
698 2608 858 2693 periodus,
884 2608 1011 2690 qualem
1027 2609 1185 2673 Isocrates
1201 2627 1240 2672 ex

97 2710 171 2775 eius
188 2709 348 2774 sententia
363 2708 499 2775 formare
515 2709 670 2776 debebat:
699 2715 759 2787 Τίς
780 2707 843 2798 γὰρ
860 2707 903 2776 ἂν
918 2707 1067 2776 ἄλλοθεν
1084 2707 1242 2776 ἐπελθὼν

96 2807 161 2878 οἶοι
180 2805 222 2876 ἂν
236 2815 425 2893 μαίνεσθαι
439 2817 610 2894 νομίσειεν
634 2807 729 2900 ἡμᾶς,
757 2815 789 2879 oi
805 2811 1081 2900 φιλοτιμούμεθα
1104 2813 1167 2896 μὲν
1183 2811 1241 2876 aa

99 2927 173 2990 τοῖς
202 2921 269 2979 ιαἰν
298 2913 479 3000 προγόνων
507 2913 633 2999 ἔργοις,
673 2911 772 2982 οὐδὲν
800 2916 837 2982 δὲ
867 2924 933 2982 τῶν
962 2911 1073 2982 αὐτῶν
1101 2913 1241 2990 ἐκείνοις

98 3014 315 3103 ,τράττομενι
364 3019 507 3084 Tertium
529 3019 627 3102 igitur
642 3021 840 3085 enuntiatum
864 3015 957 3108 ἤρκει
979 3017 1042 3106 γὰρ
1061 3019 1131 3084 κτλ.
1165 3017 1241 3102 quia

96 3140 234 3187 oausam
250 3121 352 3204 affert,
379 3141 436 3186 our
456 3122 490 3186 in
513 3123 615 3188 tribus
637 3123 702 3188 illis
724 3125 876 3190 Isocratis
899 3125 977 3191 colis
992 3123 1168 3206 tautologia
1189 3141 1241 3187 re-

97 3223 264 3309 prehensa
286 3225 337 3304 sit,
363 3224 445 3290 alias
462 3226 608 3291 causales
627 3227 803 3292 sententias
819 3228 976 3312 prioribus
992 3227 1149 3311 exemplis
1164 3225 1239 3290 addi

95 3329 232 3394 omnino
254 3348 317 3393 nou
339 3329 469 3411 patitur,
496 3348 557 3412 qno
573 3329 680 3413 priora
695 3330 758 3394 duo
774 3330 916 3396 eiusdem
932 3331 1059 3414 generis
1075 3329 1240 3396 enuntiata

95 3433 131 3497 in
148 3430 374 3514 gravissimam
391 3431 605 3515 suspicionem
618 3440 782 3498 vocantur.
814 3434 920 3515 Atque
935 3434 976 3499 de
992 3432 1042 3499 bis
1058 3434 1123 3498 iam
1138 3433 1240 3517 dispi-

95 3534 240 3612 ciamuS,
272 3540 304 3598 et
325 3533 414 3618 prius
437 3534 477 3600 dc
500 3534 640 3600 seeundo
667 3530 703 3598 τὸ
728 3532 791 3620 γὰρ
816 3529 897 3601 αὐτὸ
922 3536 1182 3622 φιλοτιμεῖσθαί
1204 3559 1238 3598 τε

95 3638 159 3702 καὶ
184 3633 346 3702 ἒτιαινεῑν.
391 3637 480 3704 Haec
494 3645 579 3703 certe
595 3638 743 3721 Dionysii
765 3658 828 3704 non
851 3646 935 3705 sunt.
978 3642 1240 3720 Φιλοτιμεῑοθαι

95 3741 189 3808 enim
205 3760 297 3806 nemo
319 3761 457 3824 unquam
482 3740 566 3805 idem
582 3761 655 3806 esse
671 3741 770 3806 voluit
784 3749 880 3824 atque
896 3741 1060 3808 ἐπαινεῖν.
1108 3743 1239 3807 Veteres

95 3843 219 3910 audias
235 3845 264 3908 si
278 3845 357 3909 tanti
373 3852 423 3910 est
437 3845 638 3928 interpretes,
665 3864 797 3926 quorum
813 3846 997 3930 Hesychius
1013 3847 1076 3910 ita:
1104 3845 1239 3909 Φιλοτι-

95 3959 232 4028 μεῑται·
264 3945 393 4030 μεγάλα
417 3959 554 4032 φρονεῖ,
589 3945 782 4031 ἐπαίρεται,
816 3949 971 4028 πλουτεῖ,
1005 3949 1137 4013 Photius
1167 3967 1238 4011 cum

96 4049 205 4117 &uida
239 4051 305 4116 ita:
347 4052 602 4132 Ψιλοτιμεῑται·
643 4049 939 4134 ἐιτιόαψιλεύεται,
976 4051 1234 4136 μεγαλοφρονεῑ,

96 4150 305 4234 οιτοαδάζει,
341 4147 468 4238 οἶμαι-τᾷ.
517 4154 585 4218 Iam
612 4153 703 4234 vide,
730 4174 865 4236 quaeso,
900 4175 993 4237 quarn
1016 4161 1136 4220 temere
1158 4153 1239 4218 haec

96 4256 296 4341 interpolata
319 4257 393 4322 siut.
441 4257 674 4322 Grammaticus
697 4257 805 4323 nescio
828 4256 898 4340 quis
915 4259 1082 4323 scriturum
1106 4277 1240 4340 respou-

985 4381 1032 4430 15*
