2998 4896
457 271 462 280 ¹
497 379 537 388 -
587 340 683 422 [nu]
732 379 772 387 -
1165 342 1207 406 m

74 539 127 595 tem
153 554 311 609 uersuum,
339 533 454 616 quibus
481 534 570 598 nulla
598 557 667 598 cum
695 535 842 600 lemmate
870 538 1034 620 proposito
1062 537 1207 620 cognatio

73 644 124 712 est,
154 639 374 723 subiungat¹)‚
407 645 474 704 tuin
507 640 589 704 solos
621 638 735 704 efferat
762 663 873 706 uersus
900 649 1013 726 poetae
1041 644 1126 706 omni
1155 663 1207 706 ex-

73 746 229 827 plicatione
258 753 415 824 carentes,
441 753 510 812 tum
541 747 582 812 ad
610 747 702 812 unius
729 770 840 814 uersus
870 748 1039 814 frustulum
1067 749 1209 830 copiosas

73 851 196 917 subiciat
227 853 453 936 explicationes
481 853 521 918 ad
550 853 756 936 complurium
785 877 934 920 uersuumr
961 852 1209 938 complexionem

74 963 254 1041 pertinentes
262 960 298 1045 ²).
335 957 432 1024 Recte
455 960 539 1024 enim
562 961 786 1044 Bernhardyus
809 961 841 1024 in
866 966 1045 1026 commentt.
1073 962 1112 1024 de
1135 960 1208 1025 Sui·

74 1066 125 1129 dee
145 1067 243 1130 lexico
266 1087 317 1150 pg.
341 1065 474 1130 XLVII:
505 1065 622 1148 ltaque
644 1067 776 1146 scholia,
802 1068 918 1151 inquit,
945 1067 1001 1133 boc
1023 1072 1068 1132 cst
1091 1068 1210 1131 aluum

76 1173 255 1236 tiieouditam
279 1193 317 1237 ae
339 1173 449 1237 miultis
472 1173 606 1238 smerdis
629 1179 799 1256 eppesteim,
825 1179 861 1239 ut
884 1175 1059 1253 inuenerat,
1088 1171 1209 1239 Suidus

76 1279 144 1342 besu
165 1281 228 1360 fide
251 1279 394 1360 repetiit,
421 1299 479 1343 nec
500 1301 578 1344 raro
601 1280 718 1362 dipitos
739 1283 843 1363 mapis
866 1301 964 1362 quum
985 1283 1141 1345 torticium
1164 1299 1209 1344 se-

76 1390 152 1450 cubat
163 1386 266 1466 plura
285 1387 441 1466 describit,
467 1407 564 1469 quam
583 1386 695 1450 lanima
719 1386 841 1467 locique
859 1388 1083 1466 interpretatio
1098 1391 1209 1466 postu-

78 1491 120 1568 let,
146 1499 176 1556 et
203 1494 357 1558 Kusterus
380 1495 421 1558 ad
444 1495 485 1578 gl.
510 1489 666 1574 Eiue'uoe:
699 1492 763 1557 Hic
784 1497 813 1557 ct
836 1513 942 1573 saepe,
969 1494 1029 1567 ait,
1055 1492 1210 1556 iudicium

78 1600 275 1679 couipitotoris
298 1601 427 1682 requiro
455 1601 511 1682 qui
538 1600 640 1663 uiuite
665 1603 829 1664 auctorum
858 1599 927 1663 locu
951 1599 1048 1663 reuco
1076 1619 1133 1663 suo
1160 1599 1210 1662 iu-

13 1785 14 1796 *
78 1707 174 1785 seruiit,
196 1729 261 1771 αοα
284 1727 335 1771 res
362 1711 390 1770 ct
413 1727 537 1771 sumum
560 1707 614 1771 sed
636 1711 762 1770 tuntum
787 1707 899 1770 serium
921 1703 1103 1770 litterarum
1125 1725 1210 1784 spoc-

13 1804 14 1860 l
80 1815 168 1874 tous.“
212 1815 280 1892 Qua
309 1813 428 1878 citandi
456 1819 489 1877 et
515 1813 689 1878 adnotandi
713 1813 926 1877 inconstantia
947 1811 985 1876 tit
1007 1815 1044 1876 ut
1068 1831 1210 1875 nonnun-

80 1939 156 2000 quam
183 1920 335 1985 ineertum
366 1925 506 1996 maneat,
539 1939 612 1983 num
641 1918 755 1982 Suidas
783 1922 899 1994 totum,
931 1920 1014 2002 quod
1043 1920 1076 1982 in
1104 1918 1210 1982 codice

80 2045 125 2088 suu
154 2026 382 2110 Aristophaneo
418 2027 605 2091 adnotatum
637 2032 719 2102 orat,
757 2025 911 2090 scholium
944 2025 1211 2109 transsumpserit,

13 2143 14 2220 ᾗ
81 2137 105 2192 et
123 2138 163 2208 ut,
184 2153 264 2215 quae
287 2132 384 2198 tuerit
406 2133 555 2197 uniuersa
579 2133 611 2196 in
634 2131 751 2196 Suidae
774 2132 882 2197 codice
904 2131 1097 2197 scholiorum
1121 2133 1212 2214 copia

13 2299 14 2304 ,
81 2259 204 2321 (luneque
239 2241 411 2304 eorundem
447 2238 550 2303 forma
585 2239 646 2303 nisi
683 2239 902 2304 adumbrando
939 2239 1110 2324 depingere
1147 2259 1210 2302 non

82 2347 172 2425 possis.
231 2347 362 2410 Accedit
393 2346 455 2411 hnc
487 2346 571 2428 qnod
604 2344 662 2410 sub
695 2367 759 2410 una
791 2346 963 2429 eademque
992 2345 1097 2426 glossa
1125 2344 1211 2408 haud

82 2470 140 2514 raro
168 2453 342 2535 complures
369 2453 430 2516 looi
458 2474 498 2517 ex
525 2453 622 2517 uariis
650 2451 871 2535 scriptoribus,
900 2454 1002 2534 poetis
1030 2449 1210 2514 oratoribus

82 2554 220 2624 historicis
247 2560 318 2623 aliis
347 2559 505 2642 desumpti
532 2559 767 2641 coniunguntur
795 2564 826 2623 et
849 2557 933 2623 inter
956 2579 1024 2622 sese
1046 2557 1211 2640 particulis

83 2662 127 2724 καὶ
147 2651 251 2744 αὖθις,
274 2657 320 2742 ὡς
344 2666 401 2728 καὶ
424 2664 579 2730 similibus
602 2666 650 2729 ita
672 2670 893 2741 conectuntur,
920 2669 956 2730 ut
979 2664 1082 2728 solida
1104 2663 1211 2746 aliquo

83 2769 160 2832 modo
190 2772 374 2854 compositio
407 2773 542 2836 eueniat.
597 2770 688 2836 Talia
719 2772 817 2855 igitur
847 2758 1066 2836 additamenta
1093 2791 1164 2834 cum
1192 2790 1212 2832 a

83 2873 252 2942 scholiorum
280 2877 585 2962 Aristophaneorum
612 2898 744 2963 corpore
770 2897 900 2960 prorsus
932 2876 1138 2952 abhorreant,
1170 2877 1210 2940 ab

84 2979 133 3045 hae
151 2985 328 3066 quaestione
351 2985 462 3050 sedulo
485 2985 681 3068 segreganda
703 2989 785 3048 sunt.

102 3179 272 3190 -————..

145 3303 160 3352 'l
178 3302 251 3356 uelut
268 3319 290 3357 s.
309 3304 347 3372 gl.
366 3305 439 3364 Σοῦ,
465 3319 518 3372 qno
542 3303 755 3372 epiphonemate
779 3302 906 3356 uolucres
929 3298 1155 3371 ἀποσοβοῦντα,
1180 3309 1211 3354 nt

86 3403 134 3442 cun
147 3390 289 3446 scholiasta
308 3391 353 3456 led
369 3391 451 3459 vesp.
467 3392 530 3458 209>
549 3391 654 3458 loquar,
674 3391 804 3459 leguntur
822 3389 988 3458 Thesmoph.
1004 3408 1045 3444 vv.
1063 3391 1211 3454 lut-180,

86 3473 211 3545 inquibus
229 3478 300 3536 illud
319 3483 372 3534 σοῦ
386 3479 496 3534 omnino
515 3495 569 3534 non
584 3485 683 3546 exstat,
704 3478 786 3534 immo
805 3478 853 3548 qui
872 3479 922 3534 sub
941 3480 1033 3548 glossa
1047 3478 1142 3548 aliqua
1157 3479 1211 3532 Σο-

87 3568 131 3627 uei
146 3565 278 3624 inserendi
299 3576 370 3622 sunt.

146 3654 164 3718 ¹)
181 3657 255 3710 uelut
273 3675 294 3711 a.
314 3658 350 3726 gl.
372 3658 506 3728 Λείβεται
525 3659 560 3711 ad
580 3657 631 3725 Eq.
652 3674 676 3710 v.
696 3657 748 3710 327
768 3653 888 3712 adicitur
907 3655 1061 3721 adnotatio,
1086 3672 1156 3725 quae
1176 3656 1212 3711 ad

88 3755 119 3790 m,
131 3743 177 3798 tte
189 3747 238 3799 327
258 3746 395 3814 pertinet3
415 3763 435 3799 s.
446 3745 482 3814 gl.
502 3741 631 3812 Εὶμένος,
652 3744 699 3798 ubi
718 3744 840 3798 citantur
857 3745 1163 3813 nq.vv.1ntc-1uta‚
1183 3743 1212 3798 in

89 3825 130 3882 fine
149 3833 291 3888 mouetur:
319 3828 336 3888 d
365 3833 396 3888 δὲ
417 3829 581 3905 Ἀριφράδης
604 3828 682 3904 παρὰ
706 3828 792 3901 φύσιν
817 3828 967 3903 ἠσέλγαινε
992 3841 1053 3896 ταῖς
1075 3834 1211 3903 γυναιξίν,

89 3931 136 3969 cnm
149 3921 306 3990 Ariphradis
321 3923 424 3978 mentio
443 3924 493 3978 fiat
507 3924 617 3978 demum
632 3923 660 3976 in
676 3940 700 3976 v.
718 3924 798 3988 12813
820 3922 938 3990 denique
958 3923 993 3976 ad
1007 3923 1058 3990 Eq.
1076 3939 1098 3976 r.
1110 3923 1180 3976 1310
1190 3939 1210 3975 s.

89 4003 116 4068 gl.
138 4003 219 4080 Εἴπερ
243 4008 276 4065 ἐκ
300 4007 407 4080 πεύκης
430 4015 488 4065 κτλ.
515 4012 617 4081 legitur
640 4011 803 4081 explicatio,
830 4027 900 4080 quae
924 4001 958 4064 eil
982 4028 1024 4064 vv.
1050 4013 1116 4065 1301
1143 4013 1211 4064 1302

90 4095 201 4156 pertinet:
225 4101 431 4168 Σωματααυιεῑ
451 4095 507 4170 γὰρ
530 4095 580 4164 τὰς
603 4104 682 4164 ναῦς,
707 4102 755 4154 καὶ
779 4095 829 4164 τὰς
852 4096 972 4164 παλαιὰς
996 4101 1081 4154 καλεῖ
1101 4099 1211 4170 γραίας,

90 4173 128 4244 ‘lt
142 4183 167 4238 tl
185 4183 220 4256 μὴ
240 4184 403 4253 πλευσάσας
423 4186 593 4260 παρθένους.
