2998 4896
233 301 276 364 56
669 337 711 346 -
758 298 853 379 [200]
907 335 936 343 --

231 494 417 578 Lysistrste‚
435 515 517 577 quoe
536 513 612 557 uero
627 514 690 556 non
705 495 841 576 inest“¹)
859 529 898 538 -
915 491 1017 556 ultimi
1034 512 1143 556 uorsus
1162 491 1380 556 1419-1764

232 601 251 666 i.
271 623 296 666 o.
317 601 391 676 346,
415 587 469 684 oui
493 600 584 664 iucile
604 599 839 683 quinquefolio
856 598 1205 679 undescptuegcnorum
1224 597 1289 662 sore
1308 618 1380 662 uer-

232 729 324 773 suum
355 706 490 790 expleut
546 706 677 772 Accedit
709 705 794 788 quod
828 703 1001 786 Vesporum
1033 703 1258 786 fragmentum,
1294 705 1381 788 quod

233 813 356 880 omissis
375 811 533 896 prioribus
551 811 695 876 uersibus
714 813 746 874 in
766 811 873 876 codice
892 813 925 874 Γ
940 817 1097 886 seruntur,
1113 831 1161 874 vv.
1180 810 1379 875 421-1396

233 921 253 986 i.
276 942 302 986 e.
326 921 391 984 976
419 941 530 986 uorsus
558 917 813 1003 quattuordecim
845 917 943 992 foliis,
975 937 1107 1000 quorum
1135 917 1381 1000 unumquodque

234 1027 366 1092 69-70
375 1047 486 1092 uersus
500 1027 670 1102 contineat,
683 1024 907 1107 comprehendi
917 1031 1032 1106 potest,
1046 1031 1078 1087 et
1092 1025 1177 1108 quod
1191 1045 1236 1088 vv.
1249 1023 1381 1088 1-420

234 1131 408 1215 Vesperum
437 1133 469 1195 in
497 1153 534 1197 eo
557 1131 665 1198 codice
688 1132 805 1196 omissa
827 1129 923 1194 simili
946 1130 1040 1194 modo
1063 1149 1118 1194 sex
1141 1129 1217 1196 folio
1239 1131 1382 1196 eiusdem

233 1239 357 1322 generis
380 1239 506 1322 explere
527 1244 708 1322 potuerunt

322 1343 383 1409 Sed
413 1365 484 1410 cum
507 1351 620 1410 neutro
649 1343 793 1410 codicum
819 1363 934 1426 genero
962 1343 1056 1428 piano
1083 1343 1228 1426 congruit
1251 1341 1381 1418 Suides3

233 1473 327 1534 saepo
354 1452 437 1514 enim
465 1451 553 1515 illam
582 1451 716 1515 formum
739 1449 880 1526 exhibet,
907 1470 989 1532 quac
1013 1450 1156 1515 codicum
1178 1447 1308 1514 BOLA
1333 1449 1381 1514 cis

233 1556 323 1633 locis,
354 1556 411 1621 ubi
443 1554 587 1622 felicibus
620 1557 883 1640 interpolatorum
914 1555 1104 1622 coniecturis
1137 1557 1270 1622 correcti
1297 1561 1384 1620 sunt

234 1662 363 1745 propria
385 1670 442 1739 ost,
464 1663 535 1728 eliis
558 1669 663 1727 tumen
688 1684 746 1727 noc
764 1662 845 1727 reris
863 1661 939 1727 locis
958 1663 1162 1746 integriorem
1180 1661 1228 1726 Βἰε
1246 1663 1384 1746 scriptu-

234 1790 302 1833 ram
325 1771 474 1846 seruauit,
497 1769 710 1853 compluribus
734 1769 868 1852 deniquo
887 1769 964 1834 locis
982 1769 1144 1852 propriam
1164 1775 1384 1854 repraesentat

120 1919 136 1932 -
235 1877 431 1959 scripturum.
447 1913 489 1922 —
504 1875 572 1941 lam
590 1875 835 1958 uniuscuiusque
853 1875 977 1959 generis
999 1875 1143 1958 exempla
1159 1896 1242 1957 quoe
1260 1876 1384 1940 contuli

234 1981 286 2047 hic
309 1981 507 2076 enumerabo.

758 2092 778 2169 ξ
805 2090 853 2153 14.

323 2211 436 2294 Itaque
463 2233 533 2276 cum
557 2211 716 2278 codicibus
738 2211 869 2278 Boon
893 2211 1007 2278 Suidus
1030 2213 1188 2278 consentit
1212 2251 1252 2260 -
1276 2233 1382 2296 neque

233 2337 311 2381 uero
339 2316 385 2380 itu
412 2324 448 2383 ut
472 2339 596 2399 semper
618 2339 690 2382 cum
712 2319 870 2384 uniuersis
893 2327 1059 2402 congruut3
1087 2319 1142 2384 sed
1171 2319 1223 2384 hic
1251 2319 1317 2384 iilic
1341 2321 1382 2384 od

234 2443 331 2486 unum
358 2423 534 2487 alterumue
561 2425 690 2507 propius
718 2425 853 2500 accedit,
882 2431 1001 2490 certam
1027 2432 1133 2490 tamen
1161 2425 1302 2508 regulum
1325 2431 1384 2490 aut

234 2529 390 2592 rationem
414 2529 447 2593 in
470 2529 529 2592 huo
552 2551 586 2594 re
610 2530 729 2595 frustra
751 2533 894 2614 quaesiui
918 2567 960 2579 —
984 2531 1070 2596 hisce
1094 2531 1184 2596 locis:

258 2655 304 2698 vv.
405 2634 600 2698 s-ncur:
806 2621 808 2630 ’
1094 2638 1132 2701 n:

259 2741 300 2803 26
326 2731 654 2828 ἀνεζητημένον)
806 2758 809 2901 p
850 2735 891 2806 ἂν
916 2741 1126 2828 ἐζητημένον,

241 2847 300 2910 156
324 2839 635 2930 παρενιδώνΒΔ
807 2916 809 2925 ,
849 2871 957 2932 nuptu
981 2842 1075 2927 idcir),
1171 2917 1178 2925 ,

239 2953 301 3016 170
324 2948 506 3037 ρυχάχετον
849 2951 1061 3038 ῥυγχιὶχιτον,

237 3061 298 3122 291
325 3050 379 3122 roi
402 3054 504 3139 ξύλω
742 3124 745 3130 Δ
808 3051 809 3115 l
849 3067 898 3126 rui
922 3057 1011 3140 ξύλω
1035 3061 1129 3146 (corr.
1153 3085 1189 3128 cx
1217 3067 1333 3142 ξυλῶ),

236 3164 299 3228 367
323 3160 711 3250 nicopovagsolvc)
736 3169 768 3250 )-
808 3212 810 3222 ·

323 3270 413 3334 ΒΕΔ
426 3269 767 3356 πέλμονας8(ΒΕ)-Ο.
808 3260 810 3357 i

235 3374 768 3462 llinrcgnsmsscepssccffi)
808 3434 810 3447 .

325 3481 432 3562 πιέζοι
455 3479 545 3566 S(v).
808 3471 810 3589 i
848 3455 963 3530 ΜΨ)

850 3216 1092 3306 nvebpovuc'),

235 3607 300 3670 448
326 3604 526 3669 ἐκκοκκιῶ
540 3605 568 3692 ⁵)
808 3594 810 3647 l
849 3607 1004 3688 ἐκκοκιιΐι,

173 3755 177 3764 ’
310 3749 328 3812 ¹)
348 3747 383 3800 ci.
404 3745 550 3799 Velsenum
571 3745 656 3814 praei.
677 3747 711 3801 ed
731 3747 848 3815 Equites
868 3765 912 3816 pg.
933 3749 984 3802 Vll
1004 3749 1095 3803 adnot.
1115 3750 1139 3802 4.

308 3835 328 3900 ⁹)
349 3834 450 3887 litteris
469 3833 552 3887 letius
571 3834 712 3903 dispositis
736 3852 817 3890 uerus
836 3837 1051 3906 probabilesque
1070 3838 1222 3906 scripturas
1241 3839 1380 3908 insigniui.

308 3922 328 3984 ³)
348 3922 425 3976 uncis
444 3921 544 3976 inclusi
563 3923 664 3978 Suirlue
684 3924 800 3978 codices.

308 4011 329 4071 ⁴)
349 4012 447 4078 itaque
466 4027 517 4064 uec
532 4011 652 4065 Dobruei
670 4009 817 4080 συμπιέζει
833 4030 884 4067 uec
899 4012 1015 4083 Reisigii
1031 4010 1167 4081 ἐμπιέζει,
1187 4017 1259 4084 quod
1276 4017 1381 4086 placuit

237 4100 354 4169 Euporo,
374 4115 390 4152 e
409 4097 494 4154 Suidu
512 4098 715 4153 confirmentur.

307 4187 329 4254 ⁶)
347 4186 433 4241 editio
452 4187 668 4242 Mediolanensis
687 4189 788 4244 Suidue
808 4186 947 4244 ἐκκοικιῶ,

308 4334 329 4382 n
349 4330 387 4382 sic
408 4330 491 4383 ctiam
511 4330 608 4386 Suidss
627 4347 647 4384 s.
667 4329 703 4398 gl.
723 4325 877 4400 Ἐξαμήοω.
