2998 4896
507 358 548 368 -
597 319 693 405 [239]
731 315 782 369 ’-

160 515 212 580 Ad
235 537 261 581 r.
286 515 364 582 416:

137 639 546 723 ὃσ.ς1.Κυνοκέφαλος’
920 641 992 706 Vs:
1115 615 1118 628 Ι

74 738 103 809 Ὁ
128 745 248 812 Κλέων
277 739 399 813 ἑαυτὸν
427 739 518 814 οὕτω
546 772 604 813 κα·
682 739 822 813 Ἑαυτὸν
851 771 870 813 ο
900 747 1017 813 Κλέων
1049 747 1135 833 λέγει
1163 773 1218 813 κο-

78 857 129 916 iet.
173 846 250 919 άντὶ
290 861 352 919 τοῦ
394 845 509 921 δεινὸν
550 855 606 919 καὶ
686 853 889 936 νοκέφαλον,
911 846 1024 920 δεινόν
1047 839 1104 920 καὶ
1128 848 1219 920 ‹ivai-

78 951 304 1044 ἀναίσχυντον.
379 953 519 1039 ὁποῖος
564 949 606 1048 ἧν
687 977 839 1044 σχνντον.
874 953 1010 1047 ὅμοιος
1032 948 1074 1048 ἦν
1098 954 1116 1026 ό
1140 955 1220 1049 παρ’

78 1058 94 1130 ὁ
115 1059 195 1153 παρ’
213 1059 354 1152 Ἡσιόδῳ
377 1063 577 1152 Γιγρυονεύς.
682 1059 823 1152 Ἡσιόδῳ
847 1063 1046 1155 Γηρυονεύς.

160 1191 262 1257 Miror
284 1191 482 1258 Dindorfium
506 1200 540 1258 et
563 1191 765 1258 Duebnerum
784 1191 918 1258 formam
936 1184 1051 1278 ὁμοῖος
1069 1193 1220 1260 intactam

78 1298 247 1382 reliquisse,
270 1321 341 1364 cum
364 1299 478 1366 Suidas
501 1321 611 1365 ueram
634 1300 822 1383 scripturam
845 1299 996 1365 exhibeat
1019 1291 1147 1378 ὁποῖος.

161 1460 211 1525 Ad
235 1482 262 1525 v.
286 1461 365 1526 626:

149 1581 216 1650 Ss.
235 1585 277 1668 gl.
299 1578 533 1670 Ἐλασίβροντ’·
645 1587 648 1674 i
920 1586 989 1651 Vs:
1116 1617 1122 1632 ·

78 1741 212 1755 .....
237 1685 312 1777 ἦτοι
332 1683 386 1756 όιά
405 1683 467 1778 τὴν
485 1685 605 1780 φωνὴν
688 1745 694 1756 .
720 1745 726 1756 .
753 1744 759 1756 .
785 1744 791 1756 .
817 1745 823 1756 .
858 1685 932 1778 ἤτοι
956 1683 1076 1778 δὲτὴν
1099 1683 1220 1779 φωνὴν

78 1794 222 1862 σκώπτει
267 1793 329 1863 τὸν
371 1799 512 1865 Κλέωνα
553 1791 605 1865 ότι
687 1794 835 1864 σκώπτει
871 1807 933 1864 τοῦ
970 1798 1127 1876 Κλέωνος
1167 1790 1219 1864 ότι

78 1904 244 1988 τραχέως
276 1903 473 1991 ἐφθέγγετο,
506 1897 527 1993 ἢ
559 1899 605 1983 ὡς
687 1897 789 1992 (όςτις
832 1908 861 1971 Θ
905 1913 985 1971 teste
1035 1906 1219 1992 Duebnero)

78 2011 227 2094 ταχέως,
686 2012 832 2097 ταχέως
868 2011 1052 2099 ἐφθέγγετο
1089 2005 1109 2099 ἢ
1146 2005 1218 2099 (ὅτι

686 2119 757 2184 add.
784 2121 826 2204 θ)
855 2112 901 2197 ως
923 2133 1093 2204 ταχεῖαν.
1126 2121 1219 2205 (τρα-

683 2239 778 2311 χεῖαν
804 2228 855 2312 θ).

162 2347 307 2413 Correxit
330 2369 368 2412 ex
391 2347 490 2414 Suida
512 2340 565 2414 ότι
588 2351 734 2436 τραχέως
758 2349 941 2436 ἐφθέγγετο
965 2350 1156 2416 Dindorfius.

164 2509 213 2572 Ad
236 2531 263 2573 v.
287 2510 366 2574 641:

168 2631 190 2698 S
212 2655 235 2698 s.
255 2634 297 2718 gl.
319 2635 511 2718 Κιγκλίδας·
645 2635 648 2709 i
921 2636 991 2700 Ve:

79 2791 114 2802 ..
139 2792 145 2802 .
180 2731 200 2826 ἢ
232 2742 359 2824 κιγκλὶς
386 2731 406 2826 ἡ
436 2733 527 2827 (im),
564 2733 606 2806 δι’
688 2793 694 2805 .
720 2793 727 2805 .
753 2793 759 2805 .
784 2733 949 2828 ἢκιγκλὶς
968 2741 1061 2818 ἰδίως
1079 2743 1153 2826 (om.
1176 2744 1218 2824 θ)

78 2835 112 2930 ἧς
134 2837 153 2932 'i
177 2847 284 2923 κλεὶς
306 2847 480 2931 πέμπεται.
686 2844 706 2934 ἡ
729 2845 870 2935 τρύπη,
897 2841 939 2914 δι’
961 2838 999 2934 ἧς
1022 2841 1042 2935 ἡ
1065 2849 1219 2933 κιγκλὶς

434 2961 436 2965 ’
644 3034 646 3058 Ι
685 2953 858 3038 πέμπεται.

77 3075 128 3140 ubi
146 3075 263 3144 Suidae
282 3077 381 3143 uerba
400 3070 443 3143 δι’
460 3067 498 3165 ἧς
516 3069 536 3164 ἡ
555 3080 644 3155 κλεὶς
662 3077 827 3164 πέμπεται
843 3101 902 3165 pro
920 3078 1059 3145 absurde
1076 3079 1216 3145 codicum

84 3183 140 3246 Vs
162 3185 320 3268 scriptura
344 3176 385 3249 δι’
408 3173 446 3271 ἧς
468 3176 489 3272 ἡ
512 3170 641 3270 κιγκλὶς
660 3185 826 3270 πέμπεται
848 3187 1044 3252 restituenda
1066 3191 1146 3251 suut.

163 3345 212 3409 Ad
236 3367 262 3411 v.
288 3345 366 3409 792:

163 3451 185 3516 S
208 3474 232 3517 s.
250 3452 306 3536 egl.
330 3447 514 3519 Πιθάκναι·
922 3451 991 3517 1⁷6:

78 3608 84 3618 .
138 3611 144 3622 .
180 3550 270 3644 παρά
303 3557 339 3623 δὲ
377 3550 606 3644 Ἀριστοφάνει
936 3555 1121 3634 πιθάκναις
1145 3609 1150 3620 .
1176 3609 1182 3620 .
1209 3609 1214 3619 .

77 3661 240 3730 πιθάκνια
270 3663 303 3731 οὶ
331 3661 466 3752 ἔρημοι
494 3661 604 3731 τόποι.
644 3740 647 3770 Ι
687 3718 855 3730 ......
884 3662 1057 3749 ἑτοίμοις
1088 3660 1214 3738 τόποις.

163 3843 246 3921 Quid
274 3843 327 3908 hie
354 3843 415 3908 sibi
441 3843 544 3908 uelint
572 3840 698 3928 ἕτοιμοι
721 3840 836 3922 τόποι,
864 3866 927 3909 nou
949 3848 1095 3930 apparet,
1122 3841 1216 3905 immo

79 3946 190 4012 Suidus
211 3971 317 4014 ueram
341 3949 473 4015 retinuit
495 3951 682 4035 scripturam
707 3943 820 4038 ἔρημοι
844 3945 954 4015 τόποι.

163 4145 213 4209 Ad
249 4167 277 4209 v.
305 4145 369 4210 ‘123
405 4145 521 4212 Suidee
557 4147 746 4230 scripturam
782 4139 915 4231 Κράτης
948 4143 985 4210 δέ
1015 4160 1127 4230 φησιν,
1163 4131 1241 4246 ότιΙ

80 4257 188 4316 πᾶσαν
220 4243 341 4338 στενὴν
372 4248 556 4319 κατάδυσιν
586 4249 693 4338 γύπας
725 4251 809 4339 (lege
835 4247 995 4338 γοπάρια)
1028 4242 1214 4334 ὠνόμαζον,

82 4355 256 4425 Diridorfius
279 4360 419 4424 restituit
442 4382 500 4444 pro
521 4363 684 4446 Κρατῖνος
708 4359 744 4425 δέ
766 4377 868 4445 φησιν
886 4363 957 4423 κτλ.
982 4359 1123 4422 codicum
1150 4352 1214 4417 ΓΘ.
