3006 4892
735 331 950 393 ..80-

330 517 403 578 210.
433 519 444 578 1
473 543 515 572 =
537 516 562 596 Ι,
590 519 664 580 211.
691 519 710 580 2
738 515 803 585 lubi
825 539 905 602 quoe
926 539 982 582 nos
1002 537 1060 602 pro
1082 517 1113 582 ai
1132 539 1194 581 noc
1216 518 1359 601 legitur).

277 615 415 681 Primum
438 617 630 684 monendum
654 626 714 702 est,
738 619 773 685 in
795 619 905 702 quinto
927 620 1009 686 libro
1031 620 1108 703 quid
1123 619 1166 686 sit
1180 619 1296 686 obiecti
1319 620 1412 686 modo

275 717 318 782 ad
340 718 438 784 cimm
460 722 504 786 acl
524 730 611 786 crtus
632 721 846 806 referendum,
873 742 936 787 non
959 722 1114 806 intellegi.
1155 722 1309 789 Homines
1327 721 1411 788 ducti

275 819 379 887 adhuc
401 821 535 889 forsitan
556 825 665 908 plebea
686 845 743 910 pro
756 825 888 892 obiectu
917 823 1094 892 habuerint.
1143 825 1184 890 At
1212 845 1283 890 cunr
1315 825 1413 889 terrai

274 924 374 988 colum
395 925 571 1010 aubiqcntea
593 927 730 994 eandem
752 928 817 992 vim
840 933 936 1010 atque
947 927 1111 1013 fecundus
1129 936 1282 992 vacuas
1303 928 1413 1011 plebea

275 1024 404 1109 habeat,
431 1028 502 1113 pari
523 1029 591 1094 inre
614 1049 654 1096 ac
674 1029 781 1114 potius
804 1029 942 1109 meliore,
968 1050 1039 1096 cum
1061 1028 1193 1114 propius
1214 1028 1258 1094 ad
1279 1029 1413 1096 verbum

274 1129 429 1195 enuntiati
451 1130 610 1197 adiectum
632 1132 690 1212 sit,
721 1133 822 1196 colum
853 1132 968 1200 obiecti
990 1134 1093 1198 locum
1116 1138 1249 1200 teneret.
1298 1133 1413 1216 Neque

273 1231 306 1295 in
328 1231 462 1316 apodosi

418 1343 527 1418 specte
548 1358 606 1400 auu
629 1347 783 1421 nequeant
805 1338 941 1424 liquidus
963 1339 1093 1404 extulere
1115 1339 1148 1401 in
1170 1361 1265 1402 auras

275 1435 451 1503 subiectum
480 1446 540 1504 est.
595 1439 707 1522 Neque
738 1440 822 1506 enim
859 1441 990 1526 glebae,
1023 1441 1065 1508 de
1097 1461 1160 1524 qua
1194 1460 1270 1506 voce
1305 1449 1413 1506 mente

275 1539 455 1626 supplenda
477 1541 645 1625 cogitabis,
672 1543 705 1608 in
728 1543 867 1627 liquidas
890 1564 986 1611 auras
1008 1544 1176 1626 exsistunt,
1206 1543 1263 1610 scd
1286 1544 1415 1611 semina

274 1643 431 1710 fructuum
454 1645 505 1710 vel
528 1645 617 1730 ipsae
640 1646 778 1730 plantae.
826 1648 907 1712 Tum
937 1654 1036 1713 totunr
1066 1637 1263 1713 enuntiatum
1294 1647 1325 1710 ai
1353 1669 1414 1710 roca

278 1795 284 1808 .
310 1796 318 1812 .
348 1797 355 1809 .
381 1747 513 1812 csistere
535 1748 568 1811 in
590 1771 686 1813 curas
707 1751 794 1816 nullo
818 1749 912 1816 modo
934 1770 1005 1816 curn
1028 1750 1188 1835 prioribus
1206 1751 1415 1816 coniunctum

274 1855 334 1915 est.
382 1849 475 1916 Unde
497 1857 605 1917 tamen
627 1851 707 1916 nihil
731 1859 884 1936 sequatur
906 1873 1003 1935 quam
1025 1860 1099 1938 pust
1121 1857 1184 1919 209
1206 1853 1414 1919 intercidisse

273 1951 448 2035 quaedam,
485 1953 601 2035 quibus
634 1955 812 2021 subiectum
847 1957 1003 2023 enuntiati
1032 1965 1141 2040 ponte
1169 1979 1226 2021 esa
1255 1965 1415 2042 nequeant

275 2055 411 2140 liquidos
433 2057 564 2121 estaterc
579 2058 611 2120 in
627 2081 722 2122 aurae
737 2059 878 2141 itemque
894 2061 1053 2126 obiectum
1067 2061 1207 2145 protasis
1221 2061 1252 2124 ui
1263 2083 1328 2124 noa
1344 2108 1352 2123 .
1376 2111 1382 2123 .
1405 2111 1411 2122 .

274 2159 371 2223 cimus
395 2161 439 2223 ad
459 2169 546 2224 ortua
568 2161 663 2226 situm
687 2167 765 2229 erat.
814 2162 1027 2228 verisimilius
1057 2162 1136 2228 mibi
1162 2163 1289 2231 uidetur
1311 2165 1415 2229 inter-

276 2261 391 2345 polatis
414 2263 559 2329 versibus
581 2263 612 2327 ci
631 2285 693 2326 aon
718 2316 724 2328 .
747 2315 781 2328 ..
807 2265 905 2329 minuc
932 2267 976 2329 cd
996 2273 1082 2330 ortua
1105 2266 1162 2331 illc
1184 2265 1315 2332 detrusa
1338 2285 1413 2333 esse

273 2385 313 2430 cx
336 2373 500 2447 contextu,
527 2366 611 2450 quod
634 2367 786 2433 damnum
808 2369 948 2435 maxime
970 2369 1143 2436 dolendum
1165 2377 1231 2450 est,
1258 2370 1414 2453 quoniam

273 2467 476 2534 cohaerentia
499 2470 729 2536 sententiarum
752 2472 849 2556 plane
872 2473 1042 2538 obscurata
1064 2479 1123 2538 est.
1149 2511 1190 2522 -

359 2571 472 2637 Restat
494 2572 522 2638 is
544 2573 644 2656 locus,
671 2595 765 2658 quern
781 2575 938 2640 maximas
954 2594 1048 2641 curas
1064 2575 1142 2640 mihi
1157 2575 1316 2641 excitasse
1332 2595 1415 2642 con·

274 2673 375 2754 fiteor,
400 2676 569 2758 nequead
593 2678 773 2744 absolutum
797 2677 837 2745 de
860 2698 898 2744 cu
919 2678 1073 2744 iudicium
1095 2678 1265 2764 perductus
1289 2699 1379 2744 surn:

716 2782 772 2858 lv,
800 2783 955 2846 too-91

629 2884 741 2964 [pec]
773 2888 784 2946 r
812 2913 854 2938 =
882 2886 978 2967 (arc.)
1006 2887 1050 2967 ua
1498 2941 1499 2946 a

358 2985 438 3050 Tres
461 2983 662 3069 potissimum
686 2984 891 3052 difficultates
921 2987 954 3051 in
983 2985 1033 3052 his
1056 2986 1201 3052 versibus
1223 2995 1409 3051 occurrunt.

275 3087 413 3152 Primum
438 3089 522 3171 quod
539 3109 637 3171 percus
659 3088 693 3153 in
716 3109 811 3154 versu
836 3093 892 3152 271
916 3089 1001 3154 male
1016 3089 1155 3174 positum
1171 3095 1229 3166 cst,
1256 3107 1329 3153 cum
1347 3109 1413 3152 nou

272 3188 314 3255 ad
330 3191 567 3275 pronuntiatum
584 3191 714 3274 aliquod
729 3193 882 3274 generale
904 3190 1104 3277 probandum
1123 3192 1304 3276 exemplum
1327 3193 1413 3258 alic-

272 3301 366 3374 ratur,
382 3293 466 3376 quod
482 3293 549 3360 iere
564 3295 600 3359 lit
614 3315 654 3360 ea
669 3295 903 3378 significatione
920 3295 988 3377 (cir.
1007 3296 1051 3372 ΙΙ,
1068 3298 1139 3360 tet.
1157 3295 1218 3373 ΙΙΙ,
1236 3297 1312 3359 221.
1332 3299 1409 3359 266.

272 3399 345 3460 276.
373 3399 445 3460 397.
472 3401 545 3462 431.
572 3401 645 3462 597.
673 3399 710 3480 V,
737 3401 811 3463 478.
838 3400 912 3462 698.
938 3401 1011 3463 663.
1038 3397 1093 3476 VI,
1129 3399 1236 3478 1058).
1282 3397 1413 3462 Deinde

271 3499 422 3565 inversu
453 3504 514 3564 275
546 3502 685 3590 cernitur
710 3524 765 3565 aer
792 3503 833 3567 ab
864 3501 1061 3578 sanatione,
1085 3498 1309 3583 quevideudo
1332 3499 1413 3582 quid

273 3602 394 3686 percipi
410 3602 578 3669 Lucretius
593 3604 766 3684 existimat,
785 3605 925 3670 alienum
941 3611 1006 3670 est:
1032 3623 1134 3688 neque
1150 3603 1234 3670 enim
1250 3602 1413 3668 cemimus

272 3723 357 3786 aera,
377 3704 436 3770 sed
452 3706 605 3772 sentimus
622 3727 679 3790 per
693 3708 801 3772 oculos
817 3713 1044 3788 transeuntem,
1072 3706 1156 3772 unde
1171 3704 1409 3789 cognoscimus,

273 3815 425 3891 quantum
449 3827 500 3874 res
524 3829 544 3873 a
565 3810 658 3875 nobis
681 3810 809 3876 distent.
857 3811 980 3876 Rursus
1002 3829 1078 3877 vero
1095 3817 1258 3894 pcrtcrqct
1286 3808 1321 3873 in
1346 3813 1411 3872 277

272 3919 304 3978 et
325 3910 366 3976 ad
384 3931 462 3978 aera
476 3919 508 3976 ct
523 3913 566 3978 ad
581 3932 638 3979 eas
654 3933 717 3992 res,
735 3932 819 3995 quac
835 3920 1015 3994 cernuntur,
1034 3913 1183 3997 pertinet,
1201 3933 1271 3978 cunr
1288 3913 1413 3978 Lucre-

272 4015 335 4080 tius
359 4017 420 4078 ‘249
444 4034 517 4080 cum
540 4023 626 4081 certe
649 4016 776 4080 mudum
800 4015 859 4081 bac
882 4015 1009 4081 notione
1031 4035 1102 4081 cnm
1125 4015 1264 4080 maxime
1286 4013 1413 4079 deseri-

272 4119 347 4184 bcre
370 4118 465 4195 velit,
490 4138 553 4201 qua
576 4139 632 4185 aer
654 4118 779 4184 transit.
827 4119 867 4184 Et
889 4118 923 4184 in
947 4121 1020 4183 282.
1048 4121 1066 4184 3
1088 4117 1176 4185 idem
1196 4116 1344 4182 ceruimus
1368 4117 1411 4182 dc

273 4221 318 4286 rei
340 4231 372 4288 et
392 4221 478 4287 aeris
508 4221 714 4306 perceptione
742 4228 928 4306 usurpatum
957 4227 1017 4286 est.
1066 4221 1231 4304 Denique,
1261 4221 1412 4302 quamvis
