3006 4892
259 324 300 384 ιο
692 353 736 364 -
782 320 866 400 μοι]
913 353 957 364 -

259 504 337 584 τοὺς
365 503 569 593 Ἀθηναίους
595 558 601 570 .
631 556 637 570 .
665 557 671 569 .
705 511 771 572 τῶν
791 506 855 587 μὲν
882 513 1011 592 μικρῶν
1038 503 1174 572 πόλεων
1202 500 1394 592 ὡσπερανεὶ

259 607 435 697 κτημάτων
447 609 641 696 φείδεσθαι,
657 607 735 687 τούς
752 609 788 676 δὲ
804 608 1001 692 συμμάχους
1013 603 1146 698 (εὐνοίᾳ
1160 610 1393 700 add.Wolfins)
1482 663 1483 672 ,

259 737 294 778 τε
323 717 367 798 (γε
390 713 494 791 nodo}
523 713 580 777 καί
602 707 808 798 εὐεργεσίαις
830 719 1020 797 πειρᾶσθαι
1042 717 1205 794 κατέχειν,
1239 708 1327 778 ἀλλὰ
1348 712 1393 800 μη

259 829 333 893 ταῖς
349 810 511 900 ἀνάγκαις
533 816 617 904 μηδὲ
640 827 714 892 ταῖς
735 821 837 898 βίαις·
863 823 930 882 τῶν
951 816 989 881 δὲ
1011 815 1191 902 προγόνων
1210 822 1395 899 μιμεῖσθαι

258 917 303 1006 μὴ
327 916 405 996 τοὺς
428 916 495 1005 πρὸ
520 927 585 986 τῶν
607 921 814 986 Δεκελεικῶν
835 924 1035 1005 γενομένους
1061 921 1131 985 κτλ.
1179 922 1229 986 Ita
1243 921 1286 1002 M,
1313 941 1394 1004 qno-

259 1043 331 1089 enm
347 1024 392 1087 F¹
415 1023 571 1106 congruit,
597 1023 661 1088 nisi
674 1022 760 1105 qnod
783 1043 839 1107 pro
862 1030 927 1088 τῶν
945 1022 982 1088 δὲ
997 1020 1179 1109 προγόνων
1193 1024 1239 1087 F¹
1262 1023 1394 1089 exhibet

259 1133 325 1190 τῶν
347 1122 527 1211 προγόνων
548 1125 631 1191 falso
653 1126 772 1192 omissa
792 1126 952 1210 particula
973 1126 1020 1190 δέ.
1067 1126 1136 1191 Iann
1159 1125 1232 1192 vide
1254 1126 1332 1210 qnid
1349 1127 1393 1191 1⁸¹²

259 1228 433 1294 effinxerit:
476 1232 626 1293 πείθει.
654 1278 660 1291 .
688 1277 695 1290 .
723 1233 914 1314 πειρᾶσθαι
942 1233 1104 1310 κατέχειν,
1143 1222 1228 1293 άλλά
1249 1226 1296 1316 μὴ
1319 1243 1393 1306 ταῖς

259 1325 438 1416 ἀνάγκαις,
470 1330 555 1417 μηδὲ
583 1327 658 1407 τὰς
687 1336 787 1413 βίας
817 1339 882 1398 τῶν
912 1330 1091 1417 προγόνων
1121 1337 1315 1415 μιμεῖσθαι·
1348 1331 1390 1418 μη

259 1432 337 1510 τούς
370 1430 437 1519 πρὸ
471 1441 537 1499 τῶν
566 1435 772 1501 Δεκελεικῶν
804 1440 1006 1519 γενομένους
1035 1435 1104 1500 κτλ.
1163 1437 1286 1520 Aperta
1319 1457 1391 1520 pro-

259 1537 343 1604 iecto
373 1537 577 1622 interpolatio
604 1545 653 1604 est
674 1545 707 1604 et
729 1558 812 1620 qnae
835 1539 868 1604 in
891 1539 1000 1604 eodioe
1023 1546 1108 1605 oerto
1130 1560 1195 1605 non
1218 1540 1324 1606 suerit.

345 1640 458 1706 Simile
479 1640 557 1724 quid
578 1641 612 1706 ni
634 1641 729 1708 fallor
750 1641 867 1708 antidit
889 1662 921 1726 p.
937 1643 1054 1707 548nss.

517 1743 557 1807 1⁴²¹
1082 1744 1131 1808 λη

259 1847 470 1932 παρακαλεῖν
480 1849 500 1930 ¹]
519 1869 555 1911 τε
575 1843 636 1933 τὴν
656 1839 802 1912 τῶνἘλ-
854 1846 1089 1932 τιαρακαλεῑνί)
1109 1870 1145 1912 τε
1165 1842 1225 1933 τὴν
1242 1853 1310 1912 τῶν
1322 1840 1390 1912 Ἓλ-

258 1947 369 2036 ληνων
383 1943 519 2016 εὐνοιαν
539 1948 667 2014 οἰκείαν
688 1959 802 2014 ποιεῖν
853 1946 963 2036 λήνων
978 1944 1114 2016 εὐνοιαν
1129 1948 1257 2016 οἰκείαν
1279 1963 1392 2016 ποιεῖν

258 2060 297 2138 τῇ
320 2049 421 2118 πόλει
441 2056 602 2140 μεγίστην
617 2045 800 2139 Ιἡγούμενος
853 2059 891 2136 τῇ
914 2049 1014 2117 πόλει
1033 2057 1193 2139 μεγίστην
1208 2045 1391 2138 ἡγούμενος

257 2155 378 2242 μερίδα
387 2158 408 2242 ²)
451 2152 539 2241 πρὸς
582 2149 802 2237 εὐδαιμονίαν
851 2155 997 2240 psqtoap
1009 2152 1098 2240 πρὸς
1113 2149 1334 2239 εὐδαιμονίαν
1352 2179 1391 2220 τε

257 2269 489 2345 παρασκευαῖς
514 2259 572 2323 καὶ
600 2270 674 2335 ταῖς
702 2259 800 2340 μελέ-
852 2258 924 2321 καὶ
951 2255 1199 2335 πολιτικοὺς
1225 2257 1303 2340 μὲν
1334 2253 1392 2323 εί-

258 2386 342 2444 ταις,
361 2357 657 2448 είρηνικούςδὲτῷ
671 2361 799 2448 μηδένα
850 2383 923 2426 ναι
950 2365 1212 2447 παρασκεοαῑςί)
1239 2362 1297 2426 καὶ
1321 2373 1392 2438 ταῖς
1486 2359 1487 2372 ¹

257 2465 363 2551 μηδὲν
377 2458 516 2530 άδικεῖν.
850 2463 1005 2545 μελέταις
1027 2464 1098 2528 κτλ.

346 2576 451 2642 Verba
472 2576 530 2641 καὶ
552 2572 747 2652 πολιτικοὺς
769 2575 832 2658 μὲν
847 2569 935 2641 είναι
956 2574 1048 2642 addit
1069 2577 1117 2640 F²
1139 2577 1172 2640 in
1194 2597 1274 2660 mg.‚
1302 2599 1338 2641 τε
1360 2577 1391 2641 in
1487 2615 1488 2654 3

257 2680 330 2765 ipso
352 2687 456 2754 tentn;
488 2679 563 2744 dnm
587 2680 670 2745 tollit
691 2679 843 2746 damnum
865 2686 1016 2763 exparte
1039 2717 1069 2726 -
1103 2700 1211 2746 vorum
1235 2680 1323 2744 enim
1346 2689 1392 2746 est

258 2783 315 2846 καί
337 2779 542 2864 πολεμικοὺς
563 2781 627 2864 μὲν
648 2775 792 2848 ελναι-
813 2801 930 2848 novum
952 2781 1102 2850 mendum
1125 2782 1214 2847 addit
1236 2805 1282 2864 τε,
1310 2782 1391 2865 qnod

257 2885 326 2950 fieri
349 2904 429 2950 sane
451 2891 558 2969 potest
579 2891 614 2948 ut
635 2885 668 2949 in
691 2883 802 2950 oodioe
822 2884 927 2964 fuerit,
953 2904 1013 2950 neo
1036 2893 1144 2950 tamen
1160 2884 1255 2949 fidem
1280 2885 1385 2966 habet,

257 3008 329 3054 onm
359 2986 548 3070 praesertim
576 2987 609 3052 in
638 2986 849 3051 Ambrosiano
879 2985 1038 3070 particula
1068 3007 1131 3051 non
1160 2986 1255 3052 adsit.
1304 2987 1391 3065 Qna-

257 3097 386 3176 propter
406 3090 448 3156 de
470 3090 715 3174 interpolatione
743 3109 857 3155 manus
887 3089 1048 3156 seeundae
1076 3109 1172 3172 qnam
1200 3089 1241 3156 de
1271 3090 1390 3156 eodiois

257 3193 393 3258 alienius
416 3192 604 3275 antiquioris
626 3192 764 3258 leetione
786 3193 928 3276 oogitare
951 3191 1071 3258 malim.

344 3301 374 3360 3.
400 3296 516 3362 Manus
539 3295 641 3376 tertia,
668 3315 763 3378 quam
786 3296 819 3360 in
842 3295 910 3361 solo
926 3295 1089 3361 Dinaroho
1109 3317 1278 3362 ooonrrere
1297 3317 1390 3381 snpra

257 3398 335 3475 dixi,
360 3405 395 3462 nt
419 3419 489 3463 raro
511 3406 685 3482 comparet,
711 3398 757 3463 ita
779 3398 944 3463 levissima
965 3418 1113 3480 qnaeqne
1133 3399 1250 3463 menda
1266 3399 1389 3484 proprio

258 3500 360 3566 Marte
374 3499 503 3584 tollito.
532 3502 600 3566 lam
617 3521 686 3566 conr
701 3501 814 3565 Petrus
823 3500 982 3566 Victorius
998 3521 1028 3566 a.
1044 3504 1124 3565 1580
1140 3520 1181 3566 ex
1195 3501 1267 3585 ipso
1283 3502 1389 3567 codiee

328 3687 539 3750 ¹t1taFmato
571 3690 582 3752 ῐΙ
622 3688 641 3752 2)
661 3687 763 3758 μερίδα
782 3703 925 3756 perperam
944 3688 1128 3758 interpolatur
1156 3691 1167 3754 11
1207 3689 1227 3753 ³)
1249 3695 1312 3749 ταῖς
1328 3697 1389 3745 anta

258 3778 451 3845 παρασκευαῖς
469 3773 508 3827 F²
525 3774 630 3828 addere
649 3773 738 3827 oblita
761 3780 812 3827 est.
845 3775 857 3840 ΙΙ
896 3773 915 3836 ⁴]
938 3773 1052 3828 Praetor
1073 3783 1204 3830 accentus
1222 3776 1389 3845 spiritusque

257 3859 331 3913 hand
349 3874 453 3927 pariens
468 3858 579 3912 additos
591 3859 713 3913 correxit
731 3858 814 3913 haee:
835 3861 955 3927 poitur
976 3855 1027 3910 τὸν
1038 3858 1087 3912 F¹:
1108 3862 1164 3911 τῶν
1176 3859 1214 3913 Ρί
1232 3876 1286 3928 mg.
1302 3863 1387 3926 {triton

257 3942 370 4015 δάναίίε
392 3941 506 4009 derasi?
519 3944 529 4014 ΙΙ
540 3947 606 3996 tito
620 3945 699 3998 ttae:
721 3945 808 4006 λείαν,
823 3961 895 3999 man.
909 3945 1014 4012 primae
1028 3953 1101 3999 aaut.
1115 3945 1205 4013 erasss
1220 3959 1245 3998 ιι
1263 3943 1387 4015 ἐκλογὴν,

257 4053 274 4097 η
292 4034 320 4087 in
339 4048 410 4096 ταας
430 4032 520 4100 spirit.
541 4039 571 4085 et
589 4047 646 4086 aee.
665 4032 729 4086 add.
744 4036 755 4098 ΙΙ
773 4034 837 4084 6⁴31
858 4029 999 4100 ίκλογεῑνε
1019 4029 1162 4100 (intumo
1180 4033 1208 4086 in
1227 4034 1308 4101 mg]
1325 4035 1386 4084 titt

257 4131 293 4187 άν
308 4131 435 4199 alpinis:
457 4131 494 4187 ἂν
512 4130 627 4198 ἀληθεῖς
639 4135 650 4200 ΙΙ
670 4149 682 4184 :r
704 4130 788 4206 ὐπὲρε
816 4105 889 4188 [βοὶ
906 4133 968 4204 περὶ
986 4133 1014 4188 in
1031 4149 1100 4202 σιμ
1126 4139 1194 4189 nota
1213 4108 1387 4188 ffoodieis

255 4229 375 4284 alieuius
389 4201 534 4292 leotiosnt
546 4227 605 4284 fore
618 4225 657 4290 fit,
678 4227 723 4283 hio
736 4245 790 4284 non
803 4227 984 4297 significatur.
1017 4228 1196 4285 Fini-antinus
1208 4229 1282 4284 enim
1295 4227 1385 4284 σιτίσαι
