3010 4896
268 258 311 324 ao
696 295 739 305 -
786 257 882 341 [nn]
931 261 993 305 -‘

137 511 140 520 .
267 455 448 539 oportebat3
480 453 564 539 quod
596 452 732 520 officium
760 475 831 520 cum
860 453 985 536 segnius
1014 454 1152 518 exsecuti
1179 459 1284 519 esseut
1310 453 1411 518 Athe-

267 564 400 638 nienses,
423 582 476 626 eos
493 559 588 626 fidem
606 561 739 626 violasse
758 560 908 627 dictitans
927 561 1030 625 denuo
1049 560 1088 625 de
1110 581 1209 626 novae
1232 561 1318 644 pacis
1337 581 1410 626 eon-

268 667 444 734 dicionibus
467 667 706 733 deliberandum
725 689 792 734 esse
814 667 993 732 minitatur:
1018 660 1216 744 ἀποστείλας
1239 658 1325 796 πρὸς
1347 658 1411 732 τόν

268 776 307 840 δι
296 797 374 862 μον
401 769 464 860 ἔφη
496 765 558 862 τὴν
585 769 687 839 πόλιν
715 773 887 945 εἰληφέναι
918 773 1239 859 παρασπονδοῦσαν·
1274 769 1412 840 ἑστάναι

267 873 330 968 γὰρ
354 872 395 946 τὰ
418 882 507 967 τείχη
531 887 601 986 τῶν
618 873 762 968 ἡμεροῦν,
787 879 823 945 ν
843 885 893 958 αίς
917 875 984 946 ἐ’δει
1006 887 1233 1006 καθῃρῆσθαι,
1256 905 1412 1005 παρῳχη-

267 987 393 1072 μένων·
418 982 534 1074 ἑτέραν
553 975 616 1053 οὖν
640 979 719 1068 έξ’
698 994 797 1073 αρχῆς
818 982 1007 1074 προθήσειν
1030 984 1166 1074 γνώμην
1183 989 1262 1074 περὶ
1285 981 1413 1066 αὐτῶν,

267 1088 314 1173 ὡς
336 1087 395 1173 τὰς
419 1086 595 1180 ὁμολογίας
618 1090 811 1160 λελυκότων
835 1093 932 1177 (Plut.
956 1094 1026 1180 Lys.
1049 1095 1132 1180 XV).
1179 1095 1284 1174 Qua
1275 1118 1307 1160 ιο
1335 1118 1411 1160 nar·

267 1204 389 1268 rationo
417 1225 487 1266 cnm
510 1201 679 1268 Plutarcho
702 1201 812 1286 Lysias
841 1207 874 1266 ot
899 1201 1057 1268 Diodorus
1086 1210 1270 1288 congruunt,
1315 1204 1411 1287 Apud

266 1308 393 1392 Lysiam
416 1309 498 1373 onim
522 1307 607 1392 (XII,
627 1308 684 1395 74)
707 1311 740 1372 in
760 1309 905 1374 contione
927 1309 966 1375 de
989 1331 1024 1374 re
1047 1309 1174 1392 publica
1196 1309 1316 1388 habita,
1339 1333 1412 1376 cum

267 1416 475 1480 Athenienses
494 1437 664 1499 paucorum
682 1416 847 1499 imperium
871 1415 995 1481 institui
1013 1416 1142 1494 nollent,
1161 1418 1322 1503 Lysander
1340 1441 1412 1484 sur-
1493 1421 1494 1430 ³

267 1523 348 1588 luxit
372 1529 404 1587 et
427 1515 510 1588 ἄλλα
533 1546 569 1587 τε
592 1513 702 1588 πολλὰ
726 1517 797 1587 είπε
820 1523 877 1587 καὶ
901 1513 954 1588 ότι
972 1520 1235 1610 παρασπόνδους
1257 1517 1342 1609 ὑμᾶς
1367 1565 1409 1574 -

268 1629 476 1694 Athenienses
505 1669 546 1678 -
574 1625 643 1713 έχοι
670 1630 725 1694 καὶ
757 1621 809 1695 ότι
838 1619 879 1694 οδ
903 1630 981 1715 περὶ
1011 1631 1182 1708 πολιτείας
1208 1623 1286 1716 ὑμῖν
1315 1629 1411 1698 ἔσται

267 1727 350 1801 ἀλλὰ
377 1737 455 1822 περὶ
483 1737 660 1822 σωτηρίας,
692 1735 720 1800 εί
747 1727 790 1822 μὴ
817 1727 978 1824 ποιήσεθ’
1001 1726 1022 1801 d
1053 1737 1244 1824 Θηραμένης
1269 1735 1410 1804 κελεύει.

267 1844 368 1909 Simili
397 1845 489 1910 modo
516 1845 600 1928 apud
632 1844 808 1909 Diodorum
835 1841 933 1928 (XIV,
956 1843 986 1920 3,
1010 1843 1046 1930 6)
1078 1842 1219 1927 loquitur
1246 1845 1412 1930 Lysander

267 1947 428 2017 λελύσθαι
455 1942 514 2028 τὰς
542 1946 713 2037 συνθήκας
741 1941 807 2015 ὑπὸ
837 1943 1036 2036 Ἀθηναίων·
1069 1941 1211 2036 ὕστερον
1242 1944 1304 2038 γὰρ
1337 1960 1412 2018 τῶν

268 2056 492 2144 συγκειμένων
514 2049 646 2144 ἡμερῶν
665 2056 894 2142 καθῃρηκέναι
916 2048 957 2121 τὰ
980 2057 1078 2144 τείχη.
1115 2058 1174 2124 His
1192 2079 1230 2123 ax
1252 2059 1330 2125 locis
1350 2061 1412 2124 viri

266 2167 351 2232 docti
376 2167 499 2230 elucere
522 2165 644 2239 volunt,
666 2161 862 2247 Lysandrum
884 2165 987 2247 primo
1010 2185 1116 2232 muros
1139 2165 1318 2232 deiciendos
1342 2173 1411 2232 tra-

266 2273 383 2338 didisse
406 2271 651 2338 Atheniensibus
674 2277 706 2336 ot
728 2277 796 2336 tum
820 2273 945 2336 demmn
966 2271 1069 2355 ipsum
1092 2273 1134 2337 ad
1160 2293 1213 2338 eos
1237 2273 1411 2340 diruendos

266 2400 448 2464 aggressum
467 2400 543 2455 osse,
566 2401 635 2444 cum
659 2379 706 2444 illi
729 2380 844 2462 pactis
848 2382 981 2444 nonste
964 2379 1101 2444 etissent.
1139 2379 1228 2457 Quod
1252 2402 1321 2445 cum
1346 2383 1410 2445 mi·
1493 2429 1494 2468 ρ

266 2489 350 2551 nime
373 2509 428 2571 per
451 2508 484 2552 se
508 2486 675 2550 verisimile
699 2507 765 2551 essa
789 2506 884 2568 supra
907 2484 1238 2563 demonstravimus,t
1225 2493 1291 2552 tum
1313 2488 1412 2570 plura

266 2564 388 2658 obverti
363 2598 548 2677 ttpossun
528 2593 724 2658 tPrimum
747 2593 830 2656 enim
848 2613 885 2658 eo
908 2598 1059 2675 tempore,
1082 2614 1143 2675 quo
1162 2592 1323 2677 Lysander
1345 2597 1409 2659 mi·
1493 2607 1494 2614 ’

266 2703 349 2764 uitat
350 2721 388 2764 ur
335 2699 433 2764 tA
435 2698 613 2766 thenienses
633 2701 776 2783 graviora
794 2719 896 2784 poena
914 2721 947 2764 se
965 2699 1152 2766 affectorum
1174 2721 1242 2765 asse
1260 2701 1321 2766 nisi
1345 2702 1409 2768 sibi
1493 2701 1494 2752 l

266 2807 523 2890 obsequerentur,
545 2827 651 2872 muros
673 2807 813 2871 nondum
839 2807 933 2890 plane
955 2808 1131 2872 destructos
1154 2806 1250 2874 luisse
1273 2813 1409 2874 constat.
1493 2847 1494 2884 ,

266 2915 358 2980 Certe
386 2915 414 2980 si
440 2914 495 2979 illo
523 2918 665 2996 tempore
693 2913 844 2978 destructi
872 2913 998 2996 quidun
1021 2913 1166 2990 fuissent,
1194 2914 1410 2999 compluribus
1493 2985 1494 2992 χ

266 3029 372 3087 autem
404 3020 515 3086 diebus
547 3021 666 3085 diutius
697 3041 792 3103 quam
820 3025 974 3086 statutum
1006 3025 1088 3086 esset
1120 3021 1293 3098 stetissent,
1324 3043 1409 3106 quae
1493 3079 1494 3088 2

266 3136 315 3194 est
338 3128 477 3213 Grotii1)
500 3127 620 3211 opinio,
647 3125 845 3210 Lysandrum
872 3133 1041 3212 propterea
1064 3125 1271 3193 Athenienses
1299 3152 1409 3214 παρα-

266 3231 435 3311 σπόνδους
458 3234 635 3298 nominasse
655 3240 686 3298 et
709 3233 918 3311 admonuisse,
939 3255 979 3298 ne
1003 3238 1067 3298 tam
1086 3233 1126 3300 do
1145 3233 1281 3298 civitatis
1304 3233 1410 3300 forma

266 3365 359 3426 quam
387 3342 426 3406 dc
449 3341 550 3406 saluta
573 3341 757 3423 cogitarent,
779 3341 832 3405 vix
854 3340 1004 3406 credibile
1032 3348 1091 3416 est3
1118 3340 1251 3424 ideoque
1273 3339 1409 3406 Diodori
1493 3403 1494 3414 ,

177 3466 185 3481 ’
265 3449 438 3514 auctoritas
465 3449 554 3512 nulla
580 3469 647 3513 esse
675 3450 808 3525 videtur,
835 3447 1005 3514 secundum
1032 3469 1125 3531 quem
1152 3453 1293 3530 tempore
1320 3445 1408 3514 illius

265 3555 419 3620 contionis
447 3555 528 3618 muri
560 3555 712 3620 destructi
744 3557 808 3620 iam
834 3560 938 3620 erant:
971 3545 1113 3639 ὕστερον
1139 3545 1202 3640 γὰρ
1229 3560 1299 3620 τῶν
1327 3571 1407 3639 συγ-

264 3661 429 3746 κειμένων
451 3653 584 3747 ἡμερῶν
607 3659 880 3747 καθῃρηκέναι
902 3651 944 3726 τὰ
968 3661 1056 3746 τείχη
1080 3659 1179 3744 (XIV,
1198 3661 1227 3737 3,
1246 3661 1290 3744 6).
1336 3661 1408 3740 Qua

264 3771 411 3853 opinione
439 3791 495 3832 nos
522 3789 585 3833 non
612 3767 680 3832 falli
707 3768 922 3834 testimonium
946 3765 1109 3832 Plutarchi
1136 3767 1240 3844 docet,
1267 3769 1322 3850 qui
1345 3766 1408 3850 Ly-

264 3877 414 3941 sandrum
437 3876 592 3939 (licentem
616 3875 705 3940 lacit:
735 3869 895 3939 ἑστάναι
918 3866 979 3959 γὰρ
1003 3864 1044 3938 τὰ
1067 3873 1157 3958 τείχη
1180 3881 1249 3938 τῶν
1272 3865 1408 3961 ἡμερῶν

264 3981 301 4046 έν
334 3975 384 4058 αἷς
417 3975 482 4045 ἔδει
514 3987 731 4068 καθῃρῆσθαι
766 3980 1018 4068 παρῳχημένων
1050 3981 1133 4066 (Lya
1162 3981 1243 4066 XV).
1308 3983 1408 4065 Atqui

263 4087 357 4172 Lysia
388 4093 421 4152 et
449 4089 588 4154 Diodoro
620 4087 801 4153 auctoribus
832 4109 897 4153 una
928 4088 1071 4154 contione
1100 4092 1133 4153 et
1163 4088 1242 4153 haec
1273 4088 1407 4170 protulit

303 4242 475 4250 -—.—.—...

354 4321 372 4386 ¹)
390 4318 507 4388 History
526 4319 560 4386 os
576 4319 676 4375 Graece
696 4321 857 4384 1870‚v111
876 4337 903 4390 p.
922 4321 964 4376 22.
984 4321 1027 4377 28.
