3006 4892
537 379 581 396 ...
629 351 713 432 [ιιι]
760 376 802 396 ·-
1197 354 1238 415 ια

102 559 178 606 cum
200 538 234 603 id
257 538 325 604 iere
347 538 501 603 sollemne
524 537 575 618 sit,
602 544 638 602 ut
660 537 734 602 aliis
756 536 846 602 libris
869 537 1040 622 epitomae,
1065 539 1139 605 aliis
1156 559 1239 623 quae

102 649 277 730 supersunt
298 661 396 726 opera
417 641 542 725 integra
565 641 796 707 contineantur.

191 745 321 810 Maioris
339 745 489 811 momenti
511 742 572 810 hoo
588 752 647 824 est,
673 743 759 826 quod
773 763 837 826 ars,
864 744 892 810 si
911 743 989 827 quid
1004 743 1109 826 video,
1133 743 1239 810 inille
1358 767 1364 782 ·

102 868 236 934 corpore
257 865 321 914 non
336 847 494 913 exstabat.
535 847 649 929 Neque
664 847 751 912 enim
772 846 832 913 boc
854 846 936 912 obici
958 852 1073 932 potest,
1099 846 1184 930 quod
1205 847 1239 912 in

102 949 178 1017 aliis
200 950 363 1017 codicibus
385 967 439 1016 ars
461 969 533 1016 curn
556 949 638 1014 libro
660 947 701 1015 de
721 949 949 1034 compositione
972 947 1139 1015 vorborum
1160 968 1240 1015 con-

101 1056 214 1120 iuncta
235 1055 363 1138 legitur.
411 1053 503 1132 Quod
526 1059 746 1136 argumentum
777 1059 843 1118 tum
865 1052 993 1118 demum
1015 1049 1111 1118 fldem
1139 1052 1241 1118 habe-

102 1165 170 1240 ret,
197 1158 225 1222 si
247 1156 391 1236 codices,
423 1155 594 1239 inquibus
620 1161 749 1241 praeter
770 1162 871 1222 artem
898 1155 980 1222 liber
1001 1153 1042 1222 de
1064 1175 1091 1221 c.
1117 1175 1149 1220 v.
1175 1161 1235 1232 est,

102 1281 123 1328 e
152 1261 329 1327 Florentini
358 1259 532 1344 archetypo
563 1257 704 1344 pendere
736 1259 906 1344 probatum
940 1265 1042 1337 esset3
1081 1257 1239 1324 eiusmodi

101 1371 214 1431 tamen
236 1363 361 1429 codices
383 1381 448 1427 non
470 1369 598 1428 exstare
619 1363 780 1428 Usenerus
802 1359 1032 1428 demonstravit
1053 1360 1119 1426 ind.
1135 1359 1236 1426 schot.

102 1467 208 1531 Bonn.
226 1486 258 1552 p.
272 1467 328 1544 IV,
347 1466 423 1544 VII;
451 1465 505 1530 VI.
553 1465 701 1530 Parisino
723 1465 809 1530 enim
832 1464 907 1532 bibi.
932 1465 1022 1550 publ.
1047 1483 1079 1529 n.
1101 1467 1180 1528 1741
1207 1471 1240 1529 et

101 1569 268 1634 Marciano
289 1589 322 1632 n.
341 1569 403 1632 508
426 1566 633 1634 necessitudo
655 1587 728 1633 cum
750 1567 935 1633 Florentino
957 1572 1007 1632 est
1028 1566 1130 1632 nulla.

191 1670 301 1736 Potius
323 1675 545 1754 argumentum
568 1668 656 1735 haud
678 1669 893 1754 spernendum
922 1669 1068 1736 attulisse
1090 1668 1168 1734 mibi
1191 1669 1242 1734 vi-

102 1775 199 1857 deor,
232 1793 294 1856 quo
322 1774 414 1839 nisus
443 1781 544 1840 artem
567 1773 722 1859 Dionysio
751 1773 879 1840 omnino
907 1772 1092 1838 abiudicare
1120 1773 1237 1857 possis.

102 1878 179 1944 Scio
201 1877 288 1942 viros
316 1877 427 1942 doctos
454 1875 672 1942 diversissime
694 1876 735 1942 de
757 1895 797 1943 sa
825 1876 1018 1957 recemiro,
1050 1875 1133 1942 inter
1160 1895 1241 1958 quos

100 1980 158 2062 qui
188 1999 292 2066 nuper
320 1978 381 2057 „de
403 1978 550 2064 Dionysii
573 1979 870 2046 Halieumassensis
898 1977 1024 2064 scriptis
1054 1978 1238 2046 rhetoricis“
1331 1988 1338 2002 “

100 2083 172 2166 egit
182 2083 202 2164 1)
229 2081 375 2148 Blassius
398 2082 508 2167 capita
522 2082 642 2147 I-IX
664 2081 764 2149 demit
778 2082 945 2168 Dionysio,
971 2081 1004 2146 X
1023 2089 1055 2148 et
1071 2082 1121 2146 XI
1142 2081 1242 2148 reliu-

101 2185 175 2267 quit
199 2189 241 2268 (p.
261 2187 356 2268 ttss).
403 2184 489 2250 Illud
517 2184 694 2251 rectissime
711 2185 852 2263 statuit;
889 2185 923 2250 in
950 2204 988 2250 eo
1012 2203 1138 2268 quoque
1167 2203 1239 2250 cum

101 2289 173 2354 riro
195 2286 289 2354 docto
310 2287 491 2367 consentio,
524 2286 609 2370 quod
634 2286 770 2354 eundem
794 2295 955 2355 auctorem
977 2306 1050 2355 esse
1071 2285 1186 2353 decimi
1210 2294 1242 2352 et

101 2390 265 2457 undecimi
288 2391 404 2476 capitis
425 2391 590 2457 contendit
614 2393 656 2475 (p.
675 2392 743 2474 28).
790 2389 881 2468 Quod
905 2410 981 2457 vero
1003 2390 1128 2476 pergit:
1163 2389 1242 2468 „Est

100 2503 213 2560 autem
240 2494 327 2560 illius
361 2493 496 2578 (decimi)
530 2493 709 2578 Dionysius
741 2494 893 2576 (auctor):
934 2513 998 2560 non
1028 2494 1112 2560 alius
1144 2491 1241 2576 igitur

100 2599 200 2663 buius
223 2605 380 2681 quoqud‘,
413 2597 454 2663 de
477 2617 518 2663 ea
539 2617 573 2663 re
595 2594 691 2662 aliter
711 2596 814 2662 sentio
836 2604 869 2662 et
889 2615 1021 2681 prorsus
1044 2617 1115 2662 oum
1134 2596 1242 2662 Weis-

100 2702 255 2782 mannoi)
282 2708 316 2766 et
336 2699 511 2783 Schottio³)
538 2699 639 2783 facio,
673 2699 816 2783 quitum
839 2697 903 2766 duo
924 2697 1005 2766 hacc
1027 2700 1106 2766 artis
1135 2699 1243 2783 capita

99 2823 200 2884 quarn
212 2810 320 2872 cetera
330 2803 487 2889 Dionysio
498 2802 694 2869 abiudicant.
719 2803 762 2869 Ut
776 2803 950 2888 praecipua
960 2809 1083 2869 tautum
1096 2809 1238 2887 tangam,

99 2927 144 2972 ne
163 2907 293 2990 longius
307 2915 399 2972 trans
416 2906 498 2972 fines
513 2925 611 2992 supra
626 2905 812 2974 constitutos
827 2907 973 2989 quaestio
988 2913 1134 2991 vagetur,
1160 2926 1243 2990 quae

100 3029 232 3076 summa
245 3030 345 3076 causa
360 3009 465 3092 fuerit,
487 3029 543 3076 cur
558 3010 715 3076 decimum
731 3015 828 3093 caput
842 3009 999 3094 Dionysio
1013 3008 1238 3091 vindicaretur,
1368 3067 1371 3074 r

99 3121 215 3180 notum
239 3122 302 3192 est;
328 3114 379 3180 bis
395 3113 479 3179 enirn
502 3113 538 3198 §b
559 3118 578 3180 6
601 3119 634 3179 et
652 3116 691 3177 19
713 3118 867 3179 tractatus
890 3112 1021 3196 quidam
1044 3113 1124 3199 περὶ
1139 3112 1243 3201 μιμή-

99 3239 191 3293 σεως
213 3223 478 3282 commemoretur
503 3214 549 3298 (ἐν
571 3221 619 3300 τῷ
639 3215 719 3299 περὶ
741 3212 912 3301 μιμήσεως
933 3211 1184 3300 πειρασόμεθα,
1211 3225 1243 3281 et

98 3315 312 3402 μακρότερος
335 3311 352 3382 ό
374 3319 454 3403 περὶ
475 3315 647 3404 μιμήσεως
666 3315 775 3401 λόγος,
803 3315 842 3383 ὃν
862 3310 989 3403 ἀλλαχῇ
1010 3315 1243 3404 μεταχειριοό-

98 3423 209 3503 perta)
229 3440 323 3504 quem
337 3421 366 3485 is
377 3421 432 3503 qui
448 3421 547 3486 verba
558 3421 637 3487 iacit
647 3421 893 3504 compositurnm
909 3440 946 3487 se
956 3419 1131 3506 profitetur.
1157 3421 1243 3500 Quid

100 3529 223 3609 porro?
259 3523 362 3588 Homo
382 3523 516 3590 Italicus
539 3523 741 3606 nescioquis
765 3542 852 3589 saec.
875 3525 935 3590 XV
957 3544 1029 3590 cum
1052 3523 1242 3610 Dionysium

99 3629 220 3692 librum
244 3627 325 3711 περὶ
346 3623 517 3714 μιμήσεως
540 3626 761 3712 composuisse
787 3627 996 3710 meminisset,
1028 3629 1242 3695 coniecturam

100 3731 135 3795 in
153 3728 335 3814 exemplari
351 3728 522 3814 adscripsit
543 3738 578 3796 ut
599 3735 748 3814 promptu
770 3728 898 3798 facilem
921 3729 968 3796 ita
982 3751 1116 3797 vanam:
1143 3739 1243 3797 τοῦτο

100 3830 140 3897 τὸ
166 3830 374 3914 μονόβιβλον
396 3826 492 3914 οἶμαι
514 3829 696 3908 Διονύσιος
719 3824 1035 3955 όἎρρκαρναασεὺς
1064 3833 1246 3912 συνέταξεν

177 4006 195 4066 ¹>
215 4003 291 4058 Diss.
306 4003 385 4074 pbil.,
406 4004 520 4058 Bonnae
540 4005 604 4057 1863
628 4006 640 4069 ΙΙ
664 4003 683 4066 ²)
705 4003 737 4058 O.
758 4001 779 4056 1.
794 4001 957 4058 Weismann
975 4003 1010 4058 de
1029 4005 1064 4059 D.
1080 4003 1114 4058 Η.
1136 4005 1196 4059 vita
1214 4014 1243 4062 et

101 4087 444 4158 scriptis,Rintetii1837
475 4092 487 4156 n
524 4089 542 4154 ὅ)
565 4086 599 4142 Η.
615 4087 650 4142 Α.
672 4087 779 4154 Schott,
804 4089 894 4156 Τέχνη
910 4085 1046 4160 ῥητορική,
1067 4106 1139 4160 quae
1158 4091 1244 4162 vulgo

103 4175 217 4242 integra
234 4171 373 4244 Dionysio
390 4173 453 4228 Hal.
474 4174 606 4228 tribuitur
624 4174 779 4236 emendata,
800 4189 874 4228 nova
891 4191 966 4230 vers.
986 4175 1035 4231 lat.
1056 4183 1087 4232 et
1104 4191 1245 4232 commen-

103 4261 178 4314 tario
197 4261 346 4314 illustrata.
379 4260 492 4329 Lipsiae
508 4260 582 4312 ltdt.
608 4258 651 4314 Gi.
671 4259 761 4314 Biuss.
783 4259 801 4312 l.
816 4260 834 4312 l.
854 4277 881 4330 p.
897 4262 939 4314 28.
