3034 4896
713 236 927 296 ..22-

730 422 805 484 dam
820 421 978 504 perspicis
999 441 1119 484 martem

408 533 556 588 naturum
577 546 694 601 rorum,
720 546 783 609 qua
805 532 923 588 constet
944 533 1068 606 compta
1083 523 1199 608 ficum

254 631 287 691 et
409 635 502 711 atque
524 627 623 691 ocimi
643 627 788 711 quonium
810 627 904 691 docui
922 635 1038 690 actura
1060 626 1137 710 qaid
1155 634 1236 690 esset

408 739 440 794 et
460 731 572 815 quidus
593 755 610 795 e
631 731 722 795 redata
745 753 816 795 cum
838 751 968 814 corpore
990 739 1114 813 compta
1135 730 1254 813 ciceret

254 851 289 898 sc
320 832 555 916 excipientibus
589 833 760 899 admodum
795 832 876 899 dura
909 833 1085 900 exstitisset
1117 833 1264 917 repetitio
1297 833 1383 897 verbi

253 944 392 1019 compto,
423 937 489 1002 illis
518 937 631 1002 leviter
658 937 788 1002 mutatis
816 944 930 1021 poetae
958 937 1142 1020 elegantiae
1172 937 1251 1002 satis
1280 935 1384 1002 iacere

254 1039 315 1126 sisi
338 1039 428 1104 visas
450 1046 510 1105 est.

341 1141 421 1207 Oum
443 1141 541 1224 igitur
562 1149 595 1208 et
616 1142 825 1208 Lucretiunos
846 1160 960 1208 versus
983 1149 1143 1226 repeteret
1163 1149 1208 1221 et,
1232 1139 1285 1206 ubi
1308 1159 1385 1224 opus

255 1261 327 1308 esse
357 1242 534 1324 videbatur,
567 1263 608 1310 ex
637 1264 695 1310 suo
722 1245 853 1329 ingenio
886 1264 992 1329 pauca
1023 1244 1173 1327 adderet,
1207 1243 1386 1310 emendavit
1478 1261 1479 1264 ’

254 1343 356 1410 editor
379 1346 554 1411 carminum
578 1352 769 1412 contextum.
795 1383 839 1394 -

340 1550 391 1615 Ad
414 1550 549 1616 eandem
572 1550 641 1616 eius
656 1570 797 1635 operam,
822 1551 886 1618 nisi
901 1551 1006 1632 failor,
1032 1553 1113 1617 haec
1129 1553 1191 1616 tria
1205 1552 1321 1617 iterata
1336 1569 1386 1616 re-

256 1651 389 1719 t'erenda
412 1660 496 1732 sunt,
522 1653 562 1718 de
584 1653 700 1737 quibus
722 1673 807 1719 nnnc
821 1674 927 1737 agam
968 1653 1108 1732 Quorum
1124 1653 1197 1735 duo,
1216 1673 1287 1720 cum
1304 1654 1385 1718 inter
1478 1702 1482 1715 .

257 1773 292 1821 se
314 1755 380 1820 sint
401 1755 574 1835 simillima,
600 1775 663 1820 non
686 1755 797 1821 dubito
819 1755 874 1821 uni
897 1762 930 1822 et
943 1757 1047 1822 eidem
1063 1757 1186 1822 auctori
1201 1755 1383 1839 adsignare.

341 1859 494 1942 Legimus
518 1859 658 1925 enimin
681 1859 761 1924 libro
782 1859 924 1925 secundo
946 1866 1019 1944 post
1040 1879 1168 1925 versum
1191 1863 1253 1922 477

364 1963 676 2047 quodquoniam
698 1963 831 2040 docui,
852 1971 1248 2048 perqamooaectere
1273 1983 1353 2026 rem

406 2087 505 2149 quae

364 2189 409 2230 ea
430 2167 501 2231 hoo
523 2167 764 2253 aptufidem
787 2170 925 2250 ducat,
947 2168 1181 2252 primordia
1203 2189 1335 2232 rerum

363 2271 452 2334 finito
474 2271 599 2334 ourr'are
608 2271 794 2355 ficororum
817 2272 948 2336 ratione.

257 2380 289 2438 et
310 2375 407 2458 paulo
430 2381 503 2458 post

321 2479 383 2540 522
407 2476 721 2561 quodquoniam
744 2478 872 2557 docui,
893 2487 1287 2563 perquiracoaectere
1308 2499 1386 2540 rem

449 2601 549 2664 quac

406 2703 452 2746 ea
471 2681 805 2768 hooaptafidem
823 2684 1212 2768 ducat,primordio
1234 2703 1384 2758 rerum,

405 2785 488 2849 irater
509 2807 542 2849 ae
563 2785 662 2849 simili
681 2807 759 2870 quoe
781 2794 854 2850 auat
870 2788 1019 2872 perfecto
1027 2786 1154 2870 fiyuro,

406 2887 530 2972 irfinita
553 2889 666 2951 oluere.

255 2989 414 3071 Plerique,
439 2989 494 3072 qni
517 2996 617 3055 artem
640 2990 781 3054 criticam
803 2989 838 3055 in
859 2988 1000 3054 Lucretii
1020 2989 1218 3056 carminibus
1236 3008 1387 3055 exercue-

199 3109 207 3116 ·
257 3099 339 3173 runt,
365 3090 569 3158 offenderunt
590 3093 623 3158 in
646 3091 792 3158 versibus

363 3196 449 3280 quod
469 3195 616 3279 quoniam
638 3195 738 3273 docui,
759 3215 894 3278 porqam
915 3201 1073 3257 conectere
1094 3215 1161 3256 rem
1184 3215 1261 3277 qum

364 3321 402 3360 ec
424 3297 481 3360 icoc
502 3306 579 3381 opta
588 3297 693 3382 fidem
715 3298 819 3376 ducat,
841 3295 1022 3380 primordio
1044 3297 1160 3360 rcrum'

255 3421 293 3466 ac
319 3421 426 3485 paene
448 3419 558 3466 omnes
589 3406 830 3480 consenserunt,
858 3398 943 3483 quod
964 3397 1043 3464 mihi
1066 3419 1193 3482 quoqne
1223 3398 1382 3482 probatur,

255 3505 437 3570 Lucretium
467 3523 523 3570 eos
552 3511 618 3569 tam
647 3503 737 3569 brevi
764 3503 934 3568 intervallo
964 3509 1109 3586 repetere
1138 3521 1203 3567 non
1233 3501 1384 3586 potuisse.

256 3608 358 3675 Nemo
387 3613 495 3674 temen
531 3607 672 3672 animum
706 3605 884 3672 advertisse
912 3605 1038 3672 videtur
1066 3604 1221 3671 contineri
1249 3605 1296 3671 eis
1324 3623 1386 3669 non
1485 3589 1486 3644 ἶ

255 3711 352 3795 plane
374 3710 526 3776 usitatam
552 3709 759 3776 consitionis
780 3707 966 3790 formulam,
998 3728 1081 3791 quae
1109 3727 1172 3773 non
1200 3707 1234 3771 in
1264 3725 1382 3785 omnes,

254 3813 309 3879 nbi
325 3813 366 3879 ad
386 3817 503 3878 norum
518 3811 640 3895 aliquid
656 3817 846 3892 transeatur,
865 3811 952 3876 locos
968 3809 1148 3876 conveniat.
1183 3809 1386 3875 Perreoturus

254 3917 428 4001 igiturest
456 3922 552 4000 poeta
580 3935 647 3981 rem
677 3921 859 3992 conectere,
893 3931 976 3997 quae
1004 3932 1044 3977 ex
1072 3912 1148 3993 hoc,
1182 3911 1267 3993 qnod
1294 3909 1386 3975 modo

256 4020 379 4098 docuit,
416 4027 494 4104 apta
521 4018 616 4085 fidem
645 4017 752 4083 ducet.
805 4015 898 4094 Quod
927 4015 1007 4081 nihil
1035 4013 1195 4097 signifieat
1222 4013 1285 4079 nisi
1316 4032 1385 4078 eam

256 4143 339 4202 rem,
373 4121 416 4187 ad
445 4141 540 4204 quam
571 4127 667 4205 poeta
696 4140 781 4185 nunc
810 4117 1030 4202 aggrediatur,
1069 4117 1231 4182 artissimo
1265 4133 1385 4181 conexu
1485 4179 1486 4182 ,
