3010 4896
288 320 331 384 aa
733 357 773 365 -
823 317 897 402 [00]
943 354 984 364 -

287 535 378 580 sunm
395 521 493 598 atque
510 513 758 596 fragmentorum
777 515 856 580 ordo
874 515 908 578 11
927 510 1055 578 Stohaei
1073 509 1227 594 florilegio
1245 511 1427 596 plerumque

287 621 432 704 congruit
468 641 537 686 cum
570 620 687 686 nostris
718 619 854 705 syllogis
914 619 962 684 Ele
992 624 1099 684 autem
1131 618 1267 684 1110110111
1297 639 1380 702 quaa
1410 639 1428 684 a

288 727 424 794 Stobaeo
455 726 633 810 Theognidi
669 726 867 804 tribuuntur,
903 726 960 792 8011
995 725 1028 790 11
1061 726 1177 791 nostris
1208 725 1336 810 syllogis
1367 745 1428 790 non

287 835 444 919 leguntur,
467 855 513 898 vv.
539 833 926 911 1221-1226‚inf0nis
949 832 1137 916 quibusdam
1160 838 1232 916 post
1254 834 1321 898 eius
1342 839 1428 898 aeta

287 947 353 1006 tem
384 963 422 1006 ex
454 941 562 1007 codice
594 941 768 1024 deperditis
801 941 959 1006 exstitisse
986 939 1155 1004 verisimile
1182 945 1238 1006 est.
1285 938 1429 1024 Syllogae

289 1048 372 1112 enim
398 1046 513 1130 prioris
540 1047 654 1112 ultima
679 1045 771 1123 folia,
803 1047 934 1112 alterive
961 1046 1064 1129 prima
1092 1045 1169 1112 folia
1195 1067 1278 1114 nuno
1300 1048 1429 1131 periisse

289 1175 386 1237 supra
408 1175 437 1237 p.
461 1153 500 1218 71
526 1154 723 1219 conieoimus.

378 1259 497 1338 Quodsi
524 1279 562 1325 ea
589 1280 669 1342 quae
696 1259 854 1324 Iulianum
882 1265 915 1323 et
937 1258 1089 1342 Cyrillrun
1116 1265 1224 1324 secuta
1250 1266 1299 1326 est
1325 1265 1429 1324 aetate

289 1373 412 1432 nostrae
435 1366 624 1450 compositas
648 1387 716 1432 0880
739 1367 874 1450 syllegae
898 1365 1141 1450 exploravimus,
1169 1368 1341 1450 peronius
1364 1366 1428 1435 lore

289 1473 405 1539 saeculi
436 1473 636 1538 intervallum
673 1473 713 1538 ab
751 1473 876 1539 illorum
912 1478 1018 1538 aetate
1034 1545 1036 1550 .
1054 1493 1153 1557 usque
1185 1473 1227 1539 ad
1259 1471 1428 1538 Stobaeum

289 1579 455 1663 paullatim
486 1581 528 1646 ad
560 1601 629 1646 eam
661 1581 876 1646 condicionem
907 1579 1009 1664 redigi
1041 1585 1227 1664 potuerunt,
1256 1601 1322 1662 qua
1348 1602 1430 1644 1110

290 1692 435 1751 exaratas
467 1687 500 1750 in
531 1687 691 1752 codicibus
723 1686 906 1752 invenimus.
961 1685 1078 1752 Utrum
1109 1687 1193 1752 onim
1224 1687 1333 1770 paullo
1360 1693 1429 1770 post

289 1793 487 1860 Athenaeum
509 1815 549 1858 an
572 1793 680 1877 paullo
702 1800 778 1859 ante
796 1792 966 1860 Stobaeum
984 1795 1131 1858 conditae
1150 1795 1222 1870 sint,
1244 1795 1297 1858 vix
1315 1793 1429 1859 diiudi-

290 1902 354 1966 cari
378 1907 490 1985 potest.
540 1901 658 1966 Multas
680 1921 756 1966 sano
779 1907 812 1965 et
833 1902 1024 1966 variationes
1047 1907 1080 1966 et
1102 1902 1338 1966 immutationes
1361 1920 1429 1984 per-

291 2027 472 2092 versamque
490 2005 650 2072 fortunam
672 2009 748 2091 quin
771 2014 920 2091 expertae
943 2009 1015 2085 sint,
1037 2012 1209 2092 antequam
1226 2008 1259 2071 iu
1279 2028 1350 2073 eum
1370 2028 1429 2090 quo

290 2134 373 2178 nuno
397 2114 596 2179 inveniuntur
619 2119 737 2179 statum
759 2115 989 2199 redigerentur,
1010 2114 1150 2180 dubitari
1169 2115 1287 2199 nequit.
1324 2115 1429 2196 Atque

290 2241 360 2286 cum
382 2219 517 2286 aliorum
538 2223 704 2304 po‘e'tarum
725 2220 903 2306 fragmenta
925 2222 1025 2303 magis
1048 2221 1209 2304 magisque
1231 2221 1360 2304 syllogis
1383 2221 1430 2285 in·

290 2333 484 2406 sererentur,
510 2327 608 2392 veluti
631 2327 810 2412 Phocylidis
821 2329 846 2414 ¹)
870 2327 971 2392 Eueni
994 2327 1172 2392 Mimnermi
1201 2327 1349 2405 aliorum,
1377 2327 1429 2410 qui

292 2435 400 2518 elegiis
431 2434 603 2500 condendis
635 2435 710 2500 olim
740 2434 867 2500 hadom
899 2433 960 2500 sibi
992 2441 1263 2518 comparaverant,
1294 2435 1430 2516 genuina

291 2534 484 2624 Theognidis
503 2542 641 2606 carmina
659 2541 919 2619 obscurabantur,
942 2561 1044 2624 neque
1062 2547 1191 2626 postera
1208 2547 1296 2606 aetas
1315 2540 1430 2606 discer-
1487 2613 1488 2618 ἵ

292 2647 401 2724 nebat,
437 2668 517 2730 quae
549 2648 724 2732 Theognidi
756 2648 926 2713 tribuenda
957 2655 1074 2723 essent,
1106 2669 1187 2731 quae
1219 2649 1290 2714 aliis
1321 2649 1430 2732 poetis
1487 2625 1488 2657 ¹

292 2754 402 2838 Neque
425 2755 508 2820 enim
530 2755 615 2838 quod
637 2761 807 2839 praecepta
826 2755 1019 2839 Theognidis
1041 2755 1232 2821 carmhribus
1255 2754 1431 2820 libidinosis
1485 2837 1486 2852 χ

292 2862 505 2927 miscebantur
546 2861 725 2927 Mimnermi
766 2861 963 2946 potissimum
999 2866 1032 2926 et
1073 2861 1220 2938 aliorum,
1260 2861 1430 2928 adversarii
1484 2929 1485 2957 ¹

293 2969 456 3034 cuiusdam
479 2967 598 3034 calamo
621 2970 662 3034 ad
685 2971 798 3052 potitae
817 2967 1010 3052 Megarensis
1033 2967 1160 3034 laudem
1181 2975 1278 3050 atque
1301 2968 1430 3052 gloriam
1483 3027 1484 3059 ,

294 3075 528 3140 diminuendam
551 3076 744 3159 peraticum
762 3075 941 3141 Nietzsohio
964 3075 1138 3140 tribuerim.
1183 3074 1223 3139 Ei
1241 3075 1362 3141 scilicet
1378 3073 1429 3158 qui
1482 3109 1483 3159 v

293 3182 492 3248 collectiones
520 3183 767 3258 adornaverunt,
799 3183 963 3248 clarissimi
987 3181 1137 3265 cuiusque
1163 3185 1276 3266 po'e'tae
1304 3183 1428 3266 elegiaci
1481 3205 1482 3259 l

295 3288 468 3354 carminum
491 3289 663 3373 specimina
685 3309 852 3372 congerere
875 3289 908 3353 11
931 3290 1035 3354 animo
1053 3287 1242 3366 habuerunt,
1265 3295 1297 3355 et
1314 3289 1430 3356 cumin
1478 3269 1481 3359 l

293 3394 479 3480 fragmentis
506 3395 715 3479 Tbeognideis
742 3397 833 3479 quasi
859 3394 1098 3462 fundamentum
1120 3397 1162 3460 ad
1190 3397 1342 3462 eiusmodi
1369 3395 1429 3460 col-

294 3502 459 3568 lectionem
482 3503 704 3568 exstruendam
726 3503 882 3568 invenisse
905 3501 966 3568 sibi
988 3501 1179 3580 viderentur,
1201 3503 1235 3566 in
1257 3502 1336 3568 haec
1357 3501 1429 3566 alio·

294 3629 365 3674 rum
391 3612 555 3692 poetarum
577 3630 685 3674 versus
711 3609 949 3675 transtulerrmt.
996 3609 1101 3692 Atque
1127 3611 1283 3674 amatoria
1310 3609 1430 3694 quidem

294 3717 435 3780 carmina
466 3737 529 3781 non
555 3715 692 3800 abipso
719 3715 903 3801 Theognide
934 3715 1063 3781 condita
1090 3737 1157 3781 esse
1185 3717 1353 3781 verisimile
1378 3721 1430 3780 est

296 3823 492 3906 Quamquam
514 3822 737 3907 Leutsehius2)
760 3823 928 3888 maximam
951 3844 1059 3888 eorum
1082 3829 1204 3906 partem
1228 3822 1301 3888 huic
1323 3825 1430 3907 pottae

295 3930 355 4012 ipsi
378 3930 599 3994 vindicandam
627 3951 694 3996 esse
720 3929 893 4006 existimat,
920 3930 1044 4014 qnippe
1065 3929 1140 4012 quia
1165 3929 1257 3994 facile
1284 3929 1353 3995 lieri
1377 3949 1430 4012 po

388 4109 404 4166 ¹)
424 4108 510 4161 110010
532 4105 650 4161 fortasse
674 4105 830 4176 suspicatur
849 4105 1011 4162 Rintelenus
1035 4123 1062 4175 p.
1081 4105 1429 4175 3401011111111111·

295 4193 414 4263 lidisqne
433 4200 584 4265 praecepte
602 4195 667 4250 olim
686 4212 739 4251 uno
758 4194 853 4250 libello
872 4201 968 4250 coacta
986 4210 1046 4250 esse
1065 4201 1150 4262 atque
1169 4195 1283 4264 antiquo
1297 4197 1351 4252 tam
1365 4203 1428 4250 tem-

296 4299 362 4352 pore
380 4283 531 4339 coaluisse?

385 4373 405 4424 't
425 4372 452 4426 in
472 4372 570 4426 Philol.
591 4372 670 4426 XXX
689 4390 715 4441 p.
735 4372 796 4426 228.
