3006 4892
179 1334 253 1398 Post
287 1331 494 1396 Reiskianam
532 1331 678 1414 Dionysii
715 1329 1013 1397 Halicarnassensis
1050 1331 1220 1398 editionem

94 1455 185 1518 opera
206 1435 274 1501 eius
297 1435 403 1501 omnia
425 1435 634 1518 complexam,
661 1453 731 1498 cum
754 1434 984 1518 Antiquitatum
1007 1436 1222 1500 Romanarum

94 1538 161 1602 iibri
182 1537 362 1603 firmissimo
378 1537 541 1603 Urbinatis
564 1546 595 1602 et
618 1536 761 1603 Ghisiani
782 1537 955 1620 insignium
978 1537 1128 1603 librorum
1150 1537 1224 1602 fun-

95 1639 235 1706 dumento
256 1639 365 1706 critico
387 1639 448 1705 nisi
477 1641 592 1705 multos
621 1641 675 1722 qui
701 1639 867 1724 pristinam
890 1661 1060 1724 veramque
1089 1641 1222 1706 formam

98 1763 240 1810 revocare
267 1743 431 1810 studerent
453 1743 538 1808 viros
567 1743 676 1808 doctos
705 1743 902 1824 allexissent,
936 1744 1054 1828 scripta
1076 1743 1223 1828 Dionysii

99 1845 245 1912 rhetorica
268 1847 340 1931 plus
363 1866 465 1928 aequo
488 1867 508 1911 a
530 1845 608 1912 viris
630 1845 733 1912 doctis
755 1847 902 1929 neglecta
924 1845 980 1910 diu
1001 1847 1180 1913 iacuerunt.

178 1949 335 2031 Numqui
358 1949 477 2032 primus
506 1956 579 2032 post
600 1948 764 2014 Reiskium
792 1949 908 2015 librum
936 1948 977 2015 de
999 1949 1225 2034 compositione

101 2053 273 2131 verborum,
307 2059 341 2116 ut
369 2053 410 2118 ab
443 2051 502 2118 hoo
536 2051 659 2133 ordiar,
696 2052 843 2119 tractarit
872 2051 1091 2136 Schaeierusb
1127 2054 1227 2118 bono-

101 2173 162 2219 rnrn
196 2155 338 2222 codicum
376 2174 435 2240 ope
468 2153 636 2220 destitutus
670 2175 733 2220 non
768 2156 902 2220 multum
934 2156 1081 2240 profecit;
1123 2175 1226 2237 neque

103 2256 303 2343 Goeberusb,
335 2259 396 2324 etsi
429 2259 526 2324 libros
549 2258 757 2324 Monacenses
789 2257 876 2322 haud
906 2259 1105 2342 spernendae
1133 2265 1228 2324 notae

102 2361 250 2442 adhibuit,
297 2361 340 2427 ad
372 2360 539 2446 limpidum
573 2361 852 2446 incorruptumque
884 2361 1004 2427 fontem
1041 2362 1228 2446 opusculum

102 2467 252 2531 revocavit
281 2471 354 2546 aut,
386 2463 472 2548 quod
493 2463 600 2530 verius
631 2472 696 2546 est,
731 2484 878 2530 revocare
908 2465 1028 2548 potuit:
1059 2464 1229 2548 ignorabat

103 2568 178 2632 enirn
201 2569 336 2636 eximias
359 2568 476 2652 copias,
509 2587 592 2651 qrrae
615 2568 648 2632 in
670 2567 792 2633 Italicis
818 2568 956 2633 maxime
980 2567 1178 2633 bibliothecis
1199 2577 1229 2632 et

104 2669 131 2734 in
158 2673 302 2738 Parisino
331 2672 461 2756 publica
489 2672 599 2736 latent.
652 2671 843 2755 Nuperrime
873 2671 1001 2736 demum
1030 2671 1231 2736 Hermannus

106 2773 255 2841 Usenerus
277 2775 465 2857 quaestione
488 2773 585 2840 indici
607 2773 786 2840 scholarum
802 2774 1018 2840 Bonnensium
1040 2775 1231 2839 aestivarum

105 2899 131 2940 a.
154 2877 466 2945 MDCGCLXXVIII
489 2877 668 2961 praemissa
690 2876 730 2943 de
752 2877 924 2960 codicibus,
954 2878 1068 2960 quibus
1091 2877 1171 2943 liber
1192 2876 1233 2942 de

106 2983 324 3067 compositione
348 2982 533 3062 verborum,
567 3001 618 3046 ars
648 3001 732 3062 quae
757 2981 905 3065 Dionysii
934 2980 1034 3046 fertur
1061 2980 1228 3062 rhetorica,

105 3083 224 3150 libelins
252 3085 292 3150 de
322 3083 519 3168 Thucydidis
549 3083 709 3150 idiomatis
739 3083 953 3166 continentur,
994 3083 1233 3149 accuratissime

107 3187 164 3268 egit
184 3196 278 3270 atque
304 3188 336 3252 in
360 3207 423 3252 nno
446 3187 550 3270 capite
573 3186 645 3251 libri
668 3185 708 3251 de
730 3205 758 3250 o.
783 3207 813 3250 v.
841 3195 952 3268 quarto
974 3186 1106 3264 decimo,
1137 3207 1233 3267 quam

108 3307 226 3370 prorsus
249 3310 350 3355 novus
372 3290 549 3373 Dionysius
573 3289 716 3355 codicum
743 3289 869 3354 iliorum
892 3309 952 3373 ope
975 3288 1076 3372 fieret,
1107 3289 1234 3372 egregie

108 3389 336 3459 demonstravit.

185 3497 290 3562 Habes
313 3504 480 3580 praeterea
495 3514 559 3576 qua
582 3494 665 3559 hunc
681 3493 808 3576 quidem
832 3492 872 3559 de
887 3514 988 3578 comp.
1008 3496 1093 3560 verb.
1120 3496 1234 3560 librum

110 3598 255 3681 corrigere
277 3598 382 3682 possis
406 3597 577 3681 epitomum
601 3617 618 3662 e
643 3597 841 3663 Germanicis
865 3597 1022 3681 exemplis
1045 3598 1144 3662 tn'bus
1167 3598 1236 3661 Mo-

110 3703 239 3780 nocenti,
271 3711 339 3784 quo*
356 3701 467 3766 eodem
492 3701 658 3766 Goellerus
684 3719 759 3766 usus
782 3705 841 3780 est,
874 3699 1097 3784 Rehdigerano
1121 3703 1236 3765 Darm-

173 3891 189 3950 ¹]
208 3889 337 3960 Dionysii
351 3889 607 3944 Halicarnassensis
620 3889 654 3943 do
668 3889 868 3956 compositione
882 3891 1029 3944 verbornrn
1048 3889 1119 3942 iiber
1132 3889 1236 3944 Graeco

112 3977 136 4024 ot
153 3973 245 4030 Latino
264 3991 324 4029 curn
349 3977 470 4042 priorum
489 3976 626 4029 editorum
651 3977 764 4044 suisque
785 3975 1014 4030 adnotationibus
1033 3976 1122 4030 edidit
1141 3975 1237 4030 Godo-

112 4055 198 4114 iredus
221 4061 358 4116 Honricus
382 4060 523 4116 Schaeior.
568 4059 715 4114 Accedunt
739 4061 863 4115 eiusdem
889 4062 1064 4115 meletemata
1089 4063 1186 4115 critica
1211 4062 1238 4114 iu

113 4141 229 4215 Dionysii
243 4156 294 4201 ert.
310 4147 410 4202 rhetor.
433 4161 493 4215 cap.
510 4146 618 4200 1-1v.
639 4147 751 4216 Lipsiae
770 4147 1010 4202 uloroceovlrl
1044 4147 1054 4215 li
1089 4147 1107 4210 ²)
1129 4147 1237 4216 Diony'-

115 4229 145 4281 sii
157 4229 405 4288 Halicarnassensis
423 4235 457 4288 de
476 4234 677 4302 compositione
693 4235 839 4288 verborum
859 4233 930 4287 libor
947 4249 963 4287 a
982 4235 1070 4303 copiis
1090 4234 1238 4288 bibiiothc-

116 4329 158 4368 cac
175 4321 262 4386 rogiae
282 4320 457 4374 Monacensis
476 4321 650 4374 emendatius
669 4321 759 4374 edidit
777 4319 821 4373 Fr.
838 4317 958 4374 Goeller.
988 4321 1070 4374 Ionae
1087 4321 1158 4373 1815.
