3006 4892
272 344 313 406 ιι
705 377 748 388 -
795 343 880 424 [tte]
926 373 970 388 -
1488 383 1493 540 ρ

272 531 411 615 capitum
442 537 633 614 argumenta
663 537 696 596 et
724 531 787 596 loci
820 528 964 595 mendosi
998 535 1031 594 et
1062 529 1183 594 similia
1210 527 1395 608 indicantur,

273 654 302 700 e.
321 653 353 716 g.
372 655 404 717 p.
416 636 491 698 4521
509 633 589 718 περὶ
611 633 739 715 λυοίου,
766 637 841 698 4547
866 629 981 719 πρώτη
1000 627 1111 718 ἀρετή,
1137 635 1229 698 loen
1251 633 1397 716 δευτέρα,

272 740 349 800 teta
372 739 481 821 τρίτη,
520 737 597 801 536³
630 739 664 799 τί
690 735 867 822 ῥητορικῆς
896 729 1038 820 ὄφελος,
1071 739 1159 800 osen
1186 733 1221 798 ἐκ
1244 741 1345 820 τριῶν
1365 732 1398 796 τὸ
1491 767 1493 796 t

270 844 357 922 μέγα
391 839 448 903 καί
477 835 638 923 περιττὸν
668 837 705 904 ἐν
732 839 836 920 λέξει,
876 841 967 903 57612
996 841 1205 924 oplpsitoootj
1239 831 1397 922 ἂφαρεύς,
1488 899 1492 920 1

272 945 348 1006 465ι
372 944 603 1027 entitatem),
635 940 722 1006 idem
744 942 834 1007 alibi.
877 939 1007 1008 Scholia
1035 947 1164 1025 praeter
1193 939 1290 1017 illud,
1321 941 1400 1023 qnod

271 1043 365 1108 tertia
387 1063 500 1108 manus
527 1065 558 1128 p.
578 1047 668 1108 utcu
691 1044 873 1129 adscripsit,
900 1044 932 1109 in
955 1043 1064 1110 codice
1086 1064 1149 1108 non
1173 1043 1335 1127 leguntur.

798 1217 868 1300 §e

642 1333 685 1389 De
703 1334 805 1390 codice
823 1334 1029 1390 umbrosiane.

357 1455 467 1522 Codex
495 1455 725 1522 Ambrosianus
756 1455 784 1518 D
816 1459 875 1520 tte
906 1475 976 1541 sup.
1010 1457 1215 1533 chartaceus,
1252 1455 1286 1520 in
1315 1456 1401 1534 folio,

271 1579 355 1624 saec.
376 1559 446 1636 XV,
472 1558 572 1624 nitide
588 1559 737 1642 scriptus,
764 1557 1080 1641 constatioliis189,
1106 1579 1237 1641 quorum
1259 1559 1405 1642 singulae

270 1662 408 1747 paginae
437 1661 575 1728 tricenos
602 1681 715 1727 versus
745 1661 1027 1746 comprehendunt.
1076 1662 1226 1727 Continet
1254 1662 1403 1746 Dionysii

273 1764 567 1830 Halicarnassensis
598 1763 638 1830 de
664 1765 804 1846 antiquis
833 1765 1012 1830 oratoribus
1034 1765 1176 1829 libellum
1205 1763 1245 1844 (h.
1272 1784 1302 1828 e.
1335 1785 1406 1849 pro-

271 1867 406 1932 oemium
438 1875 470 1932 et
500 1867 541 1932 de
571 1867 669 1951 Lysia
698 1866 877 1948 iudiciuml,
913 1866 1033 1932 iudicia
1065 1867 1105 1932 de
1134 1868 1274 1933 Isocrate
1304 1876 1339 1932 et
1367 1868 1406 1932 de

271 1972 379 2046 Isaeo,
412 1970 581 2054 epistulam
604 1968 646 2034 ad
669 1969 727 2034 On.
748 1969 946 2054 Pompeium,
973 1969 1014 2035 de
1029 1969 1217 2054 Thucydide
1239 1969 1404 2046 iudicium,

271 2074 311 2140 de
328 2073 553 2140 Demosthenis
568 2072 707 2138 dictione
724 2073 849 2151 librum,
868 2073 1041 2157 epistulam
1057 2072 1100 2138 ad
1115 2074 1303 2138 Aminaeum
1319 2055 1408 2157 prio-

271 2197 350 2254 rem,
374 2176 504 2260 Iosephi
528 2175 731 2259 Rhacondyti
753 2175 973 2260 compendium
1002 2175 1186 2242 rhetorices.
1234 2175 1272 2240 In
1302 2176 1407 2260 primo

270 2281 347 2346 iolio
379 2287 465 2345 recto
496 2278 598 2344 codici
626 2278 770 2362 praefixo
799 2279 948 2361 leguntur
974 2277 1106 2358 bacch:
1144 2281 1259 2356 „1482
1289 2283 1330 2343 16
1350 2299 1407 2344 no-

270 2383 387 2447 vebris.
414 2383 493 2447 Ven.
527 2389 578 2446 est
607 2381 737 2462 Georgii
768 2381 908 2447 Merulae
937 2381 1065 2458 Alei.“,
1108 2382 1217 2464 paullo
1250 2381 1404 2447 inferius:

273 2483 352 2558 „Hic
381 2482 501 2549 libere
531 2481 639 2550 schole
671 2483 745 2548 uni.
779 2483 866 2550 Hier.
900 2482 1079 2567 Culcbi²)“.
1136 2485 1316 2567 Sequuntur
1345 2485 1408 2550 duo

271 2587 349 2652 folia
371 2607 483 2652 vacua.
530 2584 655 2652 Deinde
678 2585 828 2670 leguntur
849 2585 998 2671 Dionysii
1021 2587 1157 2671 scripta:
1491 2579 1492 2588 ’

359 2713 387 2772 1.
421 2708 546 2772 Titulus
573 2711 758 2772 Διονυσίου
774 2699 1041 2792 Ἀλικαρυοοέιος
1070 2706 1136 2790 (sic)
1162 2708 1240 2793 περὶ
1263 2715 1332 2773 τῶν
1349 2703 1408 2792 ἆρ-

270 2815 377 2893 χοίιον
410 2807 572 2896 ῥητόρων.
632 2809 751 2893 Incipit
780 2809 834 2874 fol.
860 2814 891 2871 l*
916 2813 1032 2874 verul
1075 2806 1205 2896 πολλὴν
1232 2807 1336 2894 χάριν
1372 2800 1410 2896 ἦν

274 2912 400 2979 εἰδέναι
422 2919 467 2976 τῶ
488 2905 567 2977 καθ’
584 2905 671 3000 ἡμᾶς
697 2908 808 2998 χρόνον
832 2911 973 2994 δίκαιον,
1011 2911 1141 2997 explicit
1163 2911 1217 2978 iol.
1239 2915 1291 2976 18¹
1317 2934 1406 2979 vers.

273 3021 311 3081 13
336 3013 454 3102 ἑτέραν
483 3010 797 3103 ἆρχὴνίαρίοῦοινε-
828 3018 870 3100 (p.
892 3017 1118 3098 tter-534⁵).
1157 3015 1409 3082 Subscribuntor

269 3122 369 3188 haee:
394 3124 579 3186 Διονυσίου
602 3111 854 3205 ἄλικαρνασέως
876 3119 1044 3204 περὶτῶν
1066 3112 1218 3204 ἀρχαίων
1232 3117 1404 3206 ῥητόρωνε

270 3225 311 3290 lit
332 3223 556 3308 inscriptiones
579 3230 611 3289 et
633 3222 884 3306 subscriptiones
913 3241 971 3306 per
992 3228 1093 3287 totum
1116 3221 1258 3288 codicem
1282 3223 1409 3288 eddidit

269 3328 363 3392 rubro
385 3325 490 3392 colore
512 3325 625 3391 eadem
649 3345 762 3390 manus
785 3344 868 3408 quae
892 3331 1012 3390 textum
1035 3325 1174 3410 scripsit.
1218 3327 1410 3392 Continetur
1490 3333 1491 3392 l

271 3429 333 3495 hac
367 3436 457 3514 perte
496 3427 691 3512 prooemium
725 3427 781 3493 fol.
803 3433 840 3490 ‘l‘
862 3465 903 3474 —
933 3427 988 3493 iol.
1015 3431 1049 3490 2*
1079 3447 1162 3493 vers.
1192 3432 1233 3492 20
1263 3427 1405 3508 τούτων,

270 3529 455 3617 ἐπανάγειν
486 3527 604 3617 καιρὸς
638 3527 696 3596 ἐπὶ
726 3527 768 3594 τὰ
797 3535 1023 3616 constipatum
1059 3531 1203 3614 sequitur
1229 3532 1262 3596 iu
1293 3534 1408 3599 eodem

341 3741 357 3802 ¹)
379 3737 410 3792 ln
422 3738 520 3792 eodem
533 3737 602 3793 solio
617 3735 847 3792 bibliothecarius
862 3736 964 3804 anquis
977 3736 1082 3805 scripta
1097 3737 1194 3791 codice
1207 3737 1410 3804 comprehensa

270 3825 417 3888 iudicavit,
437 3823 537 3879 leniter
555 3829 647 3878 umen
660 3824 766 3878 erravit
782 3851 817 3860 -
834 3821 949 3891 repetiit
964 3837 1083 3877 errorem
1102 3821 1309 3878 Herwcrdeuus
1322 3825 1408 3893 epist.

269 3909 513 3979 crit.lllp.1—
531 3923 594 3964 cum
616 3908 766 3963 scriberet:
795 3907 926 3978 Dionysii
945 3907 1201 3962 Halieumassensis
1224 3908 1259 3962 de
1283 3910 1410 3979 antiquis
1489 3951 1490 3998 ρ

269 3995 447 4052 Rhetorihus.
492 3993 626 4050 Eiusdem
651 3995 751 4065 Lysias
780 3993 918 4050 Isocrates
942 3992 1038 4049 leucus
1056 4001 1121 4058 etc,
1148 4009 1220 4063 quae
1244 3993 1411 4050 distributio

269 4084 376 4139 codicis
394 4089 489 4152 partes
507 4095 563 4135 nou
582 4085 659 4136 recte
677 4077 832 4149 significan
853 4079 918 4134 vide
933 4095 1004 4150 quae
1017 4093 1102 4149 supra
1115 4079 1180 4133 dixi.
1215 4079 1292 4135 Idem
1306 4079 1411 4135 blblio·

269 4169 409 4224 theocrius
427 4168 497 4223 haee
514 4167 609 4221 addit:
629 4166 727 4222 Codex
745 4166 872 4235 quamvls
891 4183 946 4220 non
964 4166 1049 4220 valde
1067 4165 1207 4234 antiquus,
1230 4171 1324 4219 tamen
1344 4166 1412 4220 dili-

269 4255 433 4326 gentissime
451 4253 573 4321 scriptus
592 4259 621 4307 et
638 4251 769 4322 optimus.
800 4255 812 4318 ll
841 4252 860 4316 ²)
881 4252 958 4306 Haec
975 4251 1071 4307 schola
1088 4251 1238 4306 liediolanl
1256 4250 1363 4307 floruit.
