3048 4898
551 393 592 403 -
638 355 713 440 [oi]
759 393 800 404 -
1207 353 1248 416 13

104 551 253 616 Dubitari
273 557 386 635 potest,
409 557 514 616 utrum
537 552 625 634 prius
644 573 684 616 11
702 553 859 635 posterius
878 550 1036 615 distichon
1055 572 1146 614 snum
1164 557 1248 614 ructo

102 658 282 724 obtinuerit
313 658 424 726 locum.
489 659 572 724 Illud
605 657 665 744 (vv.
699 659 772 724 211.
801 660 880 742 212)
917 656 1146 724 excludendum
1182 675 1248 722 esen

103 765 263 848 Bergkius
290 772 322 830 et
350 765 547 848 llartungius
575 765 841 832 existimaverunt
896 765 1001 847 Atque
1033 763 1191 847 equidem,
1222 763 1249 827 si

102 873 192 938 inter
224 871 281 937 has
308 871 387 937 dues
419 872 648 942 sententiarum
675 871 793 938 formas
825 873 997 957 optandum
1030 871 1085 948 sit,
1117 869 1250 936 niteram

104 999 154 1042 vv.
172 977 246 1043 509.
266 977 346 1064 510)
365 985 496 1062 propter
514 979 718 1063 personalem,
737 999 831 1064 quem
850 980 968 1055 dicunt,
990 977 1157 1042 verborum
1175 997 1249 1042 con-

103 1085 315 1150 structionem
337 1085 520 1168 'lheognide
548 1085 724 1168 digniorem
750 1085 965 1170 praetulerim
1010 1084 1097 1150 Idem
1122 1083 1250 1150 Stobuoi

104 1191 305 1275 aliorumque
316 1193 342 1277 ¹)
365 1193 553 1276 scriptorum
576 1193 710 1258 suadent
728 1191 917 1258 testimonia„
964 1192 1157 1276 Quamquam
1177 1211 1253 1256 veru

104 1305 141 1364 et
164 1298 301 1383 genuina
322 1297 426 1364 foima
448 1299 599 1364 eiusmodi
619 1299 801 1377 dictionum,
824 1321 905 1384 quoe
927 1300 961 1363 in
978 1295 1251 1384 proverbiorum&

103 1406 176 1471 sere
194 1427 285 1471 usum
305 1405 461 1482 abierunt,
484 1411 570 1472 certo
593 1403 644 1469 vix
667 1407 735 1471 erui
758 1407 884 1490 poterit.
931 1407 1001 1485 Qun
1023 1407 1056 1470 iu
1079 1425 1114 1470 re
1133 1405 1251 1470 discer-

105 1513 216 1578 nenda
237 1513 341 1578 nescio
369 1533 410 1578 nn
438 1513 547 1578 eedem
574 1511 653 1578 fides
676 1512 847 1579 tribuenda
870 1513 912 1580 sit
934 1511 1115 1578 Aristotelis
1140 1510 1252 1577 Galeui

104 1619 241 1686 Stobaei
264 1619 459 1686 Artemidori
485 1620 674 1686 testimoniis
702 1626 797 1703 etque
823 1620 900 1705 ipsis
922 1619 1114 1703 Theognidis
1137 1619 1252 1684 codici-

105 1728 179 1792 bus
224 1726 386 1792 Exhibent
412 1731 518 1792 autem
545 1726 593 1792 illi
620 1727 705 1792 inter
731 1747 765 1792 se
787 1725 854 1793 iere
881 1729 1110 1792 eonsentientes
1133 1731 1252 1792 rectam

105 1840 142 1902 et
165 1835 330 1920 untiqnem
352 1839 389 1898 ut
410 1834 535 1900 videtur
556 1831 691 1900 formem
713 1833 807 1900 hono:

247 1935 346 2018 Οἶνος
367 1936 550 2024 πινόμενος
571 1933 700 2019 πουλὺς
722 1936 839 2018 κακός·
862 1933 904 2027 ἢν
928 1941 966 2007 de'
987 1965 1037 2019 τις
1061 1934 1165 2008 αὐτὸν

290 2048 371 2130 xivg
396 2046 633 2131 ἐπισταμένως,
657 2040 698 2114 οὕ
720 2039 825 2126 κακὸς
848 2039 924 2113 ἀλλ’
947 2040 1084 2133 ἀγαθός.

107 2155 193 2221 Item
216 2154 361 2220 Clemens
383 2154 624 2232 Alexandrinus,
647 2155 708 2221 nisi
726 2155 811 2241 quod
829 2146 923 2240 αὐτῷ
939 2162 1055 2242 χρῆται
1072 2175 1130 2238 pro
1150 2147 1254 2220 αὐτὸν

106 2263 194 2345 πίνῃ
216 2261 374 2347 supponit.

201 2367 281 2434 Erat
308 2373 414 2434 autem
436 2368 518 2434 alter
539 2369 594 2434 ille
615 2368 703 2434 loeus
726 2369 776 2434 cui
798 2368 833 2433 hi
858 2389 966 2434 versus
989 2367 1062 2433 509.
1082 2367 1147 2433 510
1170 2368 1254 2432 inse-

44 2467 49 2476 ’
107 2482 261 2542 retentor
286 2476 476 2560 aptissimus,
498 2496 569 2541 cum
590 2496 700 2541 versus
722 2474 907 2541 503-508
935 2474 1139 2540 vinolentiam
1161 2475 1254 2540 casti-

107 2591 197 2670 gent
241 2583 353 2668 Neque
376 2589 426 2649 ent
447 2603 502 2649 cur
525 2603 675 2667 negemus
697 2603 803 2649 versus
826 2581 907 2659 illos,
929 2603 1000 2648 oum
1021 2577 1163 2646 versibus
1181 2579 1255 2646 509.

109 2693 180 2757 510
197 2691 336 2774 genuina
353 2691 454 2774 magis
477 2688 580 2756 formu
606 2689 727 2754 exemti
755 2689 831 2766 sint,
861 2688 922 2754 hoc
950 2689 1018 2772 ipso
1044 2687 1112 2753 loeo
1140 2688 1256 2754 rectius

109 2800 148 2864 in
178 2803 302 2862 textum
333 2796 432 2880 recipi
463 2817 558 2881 quum
589 2795 657 2873 illo,
692 2796 725 2860 in
756 2816 850 2878 quem
886 2794 1092 2861 desciibentis
1124 2793 1256 2860 arbitrio

111 2905 226 2970 inserti
250 2903 425 2970 videantur.
461 2903 554 2970 Falso
577 2910 683 2968 eutem
705 2902 764 2969 hoe
782 2901 939 2969 distichon
957 2902 1063 2987 priore
1080 2902 1149 2968 loco
1167 2901 1256 2987 (211.

111 3012 196 3097 212)
224 3009 398 3077 1111111111
425 3011 533 3095 nliqno
559 3010 704 3076 additum
732 3029 799 3075 esse
826 3010 859 3072 11
886 3009 1057 3094 archetypo
1084 3009 1189 3074 nescio
1216 3029 1256 3074 11

111 3118 190 3184 inde
213 3139 340 3203 quoque
362 3117 584 3201 suspicandum
606 3117 658 3194 sit,
681 3115 761 3201 quod
786 3117 963 3200 proximum
987 3114 1144 3181 distichon
1168 3115 1257 3201 (209.

113 3225 198 3306 210)
223 3229 256 3290 et
278 3225 381 3309 ipsum
403 3228 459 3290 aut
481 3223 612 3289 lacunae
640 3224 772 3289 alieuius
795 3223 967 3306 explendae
990 3244 1084 3289 causa
1106 3231 1162 3287 eut
1184 3243 1257 3288 casu

112 3331 226 3414 aliquo
241 3328 287 3395 ibi
305 3337 416 3414 posteo
433 3331 628 3414 adscriptum
643 3350 710 3396 esse
724 3351 819 3413 supra
833 3329 1030 3396 conieoimns.
1062 3330 1258 3414 Quamquam

114 3439 176 3503 hnc
198 3436 239 3501 de
262 3456 297 3500 re
320 3438 437 3503 certius
460 3438 627 3521 quicquum
649 3436 748 3502 stetui
769 3457 832 3502 111
854 3437 980 3522 poterit.

210 3633 229 3696 ¹)
248 3630 298 3686 cir.
318 3647 389 3700 quse
408 3631 544 3703 Bergkius
562 3631 598 3688 ud
616 3648 711 3688 versus
730 3631 790 3688 509.
809 3631 861 3687 510
878 3631 1029 3687 adnotavit.

209 3719 281 3786 'lin
299 3721 445 3790 proverbio
467 3720 619 3790 antiquitus
642 3738 695 3778 non
718 3735 821 3792 peuces
843 3718 945 3776 abiisse
968 3719 1120 3776 sententies
1139 3725 1258 3776 constet:

115 3809 166 3864 cir.
186 3824 212 3864 1.
230 3825 257 3878 g.
276 3807 390 3865 Aristot.
410 3809 493 3866 ethic.
511 3809 617 3866 Nicom.
635 3811 661 3875 5,
681 3812 697 3865 1
716 3809 760 3878 (de
779 3808 938 3877 Theognide
957 3810 1018 3875 147)
1042 3815 1070 3865 et
1093 3806 1259 3863 Michaelem

116 3897 270 3969 Ephesium
295 3900 332 3955 ad
354 3901 381 3953 h.
400 3898 418 3954 l.
442 3897 589 3965 (Rintelen.
608 3917 635 3970 p.
654 3899 712 3967 34);
740 3897 789 3953 cir.
812 3903 957 3968 praetereo
980 3898 1122 3953 Philonem
1150 3896 1179 3951 in
1204 3897 1260 3952 vite

117 3988 206 4044 hienis
229 4005 256 4058 p.
275 3988 329 4043 ’114
351 4003 413 4044 cum
435 3987 520 4043 Glem.
540 3987 619 4043 Alex.
639 3988 736 4044 Strom.
755 3988 794 4042 VI
812 4005 838 4057 p.
859 3988 910 4043 742
926 3987 1074 4054 (Rintelen.
1093 4005 1120 4058 p.
1139 3988 1186 4056 3⁷3
1211 3986 1260 4042 cfr.

119 4076 205 4134 etim
224 4094 251 4147 p.
270 4077 314 4132 45.
332 4077 386 4140 49).
405 4108 438 4116 -
457 4077 501 4132 Ex
519 4076 588 4146 ipsis
610 4053 680 4142 inii,
709 4091 779 4146 quae
803 4074 886 4132 hodIe
910 4082 1029 4143 exstent,
1058 4073 1260 4146 1111θωί1111-

120 4167 236 4236 phorum
265 4165 432 4222 Graecorum
467 4165 675 4222 collectionibus
707 4165 778 4234 (edd.
806 4163 993 4221 Schneidewin
1022 4172 1051 4221 et
1078 4165 1113 4220 de
1142 4165 1260 4219 Leutsch

119 4255 270 4326 Gottingae
290 4256 506 4323 1839111851)
528 4254 596 4309 sotis
620 4259 736 4325 apparet
756 4253 923 4324 Theognidis
946 4253 1097 4310 sententies
1120 4252 1185 4309 olim
1207 4269 1260 4306 111

119 4351 230 4415 spretae
247 4343 347 4400 luisse:
372 4343 420 4400 cir.
440 4343 559 4400 iudicem
578 4359 648 4399 nom.
668 4360 758 4415 propr.
778 4349 841 4399 tom.
860 4344 887 4398 11
905 4361 932 4413 p.
951 4343 1003 4398 849
1024 4343 1074 4398 sub
1093 4339 1261 4410 Theognidis

119 4450 239 4490 nomme.
