3010 4896
482 329 521 338 -
570 290 665 376 [iao]
714 329 755 340 -
1147 289 1191 356 43

71 485 129 548 dnm
153 493 212 562 ost,
244 488 329 570 quod
362 488 424 552 iam
451 509 545 572 saepe
571 489 763 564 monuimuS,
794 488 1009 572 Thucydidem
1036 510 1098 555 non
1126 495 1191 552 tam

70 593 218 658 secundum
241 593 309 660 dies
327 615 419 678 quam
442 595 613 662 secundum
635 600 773 661 aestates
796 601 829 661 et
851 595 972 660 hiemes
990 595 1097 660 omnia
1118 615 1191 658 nar-

70 721 133 764 rare.
170 700 338 768 Praeterea
354 702 422 768 dies
444 701 492 766 illi
510 703 552 769 ad
570 702 646 768 solis
664 723 790 768 cursum
812 702 933 766 redacti
957 723 1020 766 non
1042 702 1114 786 plus
1132 699 1189 764 XX

70 815 127 872 sunt
152 809 184 891 (a
211 809 263 876 die
287 809 313 872 V
341 810 456 876 mensis
484 809 604 893 Aprilis
630 831 729 894 usque
756 809 797 874 ad
825 808 912 873 XXV
940 809 1026 874 diem
1053 808 1193 874 eiusdem

69 917 188 999 nausis),
210 922 247 981 ut
270 916 377 982 decem
400 919 490 981 annis
513 916 633 981 additis
655 937 690 981 re
713 937 787 981 vera
809 916 902 999 pauci
925 916 1079 980 dicantur.

141 1022 205 1088 lam
223 1023 407 1088 accedamus
427 1023 468 1090 ad
486 1023 620 1090 alteram
638 1025 863 1106 quaestionem,
878 1045 958 1108 quae
974 1027 1022 1088 est
1040 1022 1080 1086 do
1098 1028 1191 1087 tem·

69 1153 153 1212 porc,
179 1152 250 1215 quo
272 1129 436 1214 triginta
459 1131 530 1195 viri
559 1137 646 1197 sunt
669 1131 859 1196 instituti:
887 1151 983 1214 quam
1005 1127 1047 1192 ad
1069 1127 1191 1192 soluen—
1290 1157 1292 1162 ¹

69 1239 128 1302 ilum
143 1245 267 1321 praeter
280 1238 450 1305 deditionis
464 1239 549 1302 diem
561 1237 641 1304 haec
654 1239 842 1322 scriptorum
856 1235 1038 1302 testimonia
1052 1238 1191 1300 exstem:

142 1343 163 1410 L
199 1345 287 1410 Lecti
314 1349 388 1411 suist
415 1345 548 1433 triginta
574 1346 647 1423 viri,
678 1346 864 1429 priusquam
891 1350 1060 1408 autumnus
1086 1339 1191 1418 fieret;

68 1451 119 1516 illis
135 1453 214 1516 euim
237 1452 327 1518 lectis
346 1451 508 1536 Lysander
526 1451 654 1516 Samum
671 1451 832 1536 proiectus
850 1472 1032 1535 oppugnare
1056 1449 1192 1514 insulam

68 1560 202 1639 perrexit,
230 1581 293 1644 qua
319 1559 440 1625 tradita
463 1558 731 1626 Lacedaemonem
758 1559 855 1624 rediit
882 1562 1109 1634 τελευτῶντος
1130 1563 1193 1622 τοῦ

68 1660 175 1748 θέρους
197 1665 289 1748 (Xan.
313 1665 353 1732 H.
378 1665 413 1732 G.
438 1665 479 1742 11,
502 1666 532 1743 3,
554 1666 599 1753 9).
646 1666 751 1750 Atque
773 1688 844 1732 oum
867 1664 1034 1730 verisimile
1056 1665 1111 1740 sit,
1134 1665 1192 1728 tri-

68 1773 142 1854 ginta
166 1772 240 1836 viris
268 1772 358 1838 lectis
381 1773 577 1856 Lysandrum
604 1794 667 1838 non
694 1776 803 1840 statim
829 1773 1005 1857 profectum
1032 1793 1109 1849 esse,
1136 1771 1192 1836 sed

38 1879 227 1961 complures
259 1879 326 1946 dies
353 1880 487 1946 Athenis
515 1869 679 1956 mansisse,
711 1881 845 1948 eundern
873 1879 1002 1946 Samum
1033 1899 1192 1944 reversum

68 1985 176 2068 longius
205 1991 330 2071 tempus
360 1989 587 2071 consumpsisse
619 1989 652 2053 in
685 1985 763 2053 urbe
795 1986 1006 2072 oppugnanda
1037 1985 1193 2070 rebusque

68 2093 195 2159 omnibus
224 2093 401 2159 Samiorum
428 2094 701 2174 administrandis,
732 2102 807 2162 ante
835 2099 1007 2160 extremam
1039 2100 1193 2160 aestatem

68 2201 184 2284 triginta
206 2203 264 2266 riri
289 2200 362 2266 lecti
385 2222 453 2266 esse
475 2202 630 2266 ridentur.

143 2307 181 2372 ll.
216 2307 431 2392 Thrasybulus
449 2307 582 2392 Phylam
600 2310 764 2394 occupauit
781 2309 958 2392 insequenti
977 2309 1095 2387 hieme;
1120 2331 1192 2374 nam

69 2415 183 2498 triginta
214 2416 291 2480 viris
322 2421 432 2480 contra
464 2437 535 2480 oum
570 2415 840 2500 proficiscentibus
877 2417 977 2482 multa
1011 2419 1065 2482 nix
1088 2415 1192 2482 ‘cadit

69 2521 132 2586 Xon.
154 2522 197 2598 11,
219 2523 256 2600 4,
278 2523 300 2586 3
327 2519 529 2606 ἐπιγίγνεται
556 2530 613 2610 τῆς
640 2517 763 2601 νυκτὸς
792 2524 877 2608 χίεον
904 2515 1110 2611 παμπληθὴς
1136 2525 1193 2589 καί

70 2635 99 2710 τι]
123 2621 280 2718 ίστεραίςι.
327 2629 455 2695 Diodor.
475 2629 559 2706 XIV,
582 2631 635 2707 32,
657 2631 678 2694 2
702 2626 890 2718 ἐπεγενήθη
913 2621 1019 2708 πολὺς
1043 2625 1192 2712 croatia:

68 2735 101 2798 ad
124 2736 205 2819 (quod
232 2736 352 2801 factum
379 2742 523 2820 syreotant
549 2737 619 2820 ipsa
645 2737 741 2803 verba
767 2737 954 2822 Thrasybuli
982 2739 1039 2801 καὶ
1065 2727 1128 2822 γὰρ
1156 2734 1193 2800 ίν

69 2833 147 2930 sidtu
167 2851 313 2928 χειμῶνα
335 2849 492 2909 ποιοῦσιν
517 2841 564 2930 (ol
586 2845 690 2930 θεοί),
718 2835 801 2911 ὅταν
824 2837 902 2932 ἡμῖν
926 2839 1076 2929 συμφέρῃ
1100 2843 1193 2928 (Xan.

70 2947 102 3024 ll,
121 2951 150 3026 4,
174 2952 237 3037 14).

143 3056 196 3122 111.
233 3057 378 3142 Triginta
405 3058 464 3122 vin'
491 3079 548 3140 per
575 3064 646 3125 octo
670 3079 791 3124 menses
818 3057 865 3124 rei
892 3058 1036 3142 publicae
1065 3057 1194 3140 praalu-

68 3173 153 3229 eruut
196 3164 265 3229 Hoc
292 3163 394 3230 elucet
422 3185 460 3228 ex
484 3163 625 3230 oratione
649 3165 811 3242 Cleocriti,
840 3185 903 3250 qua
929 3165 1041 3232 habita
1066 3169 1194 3248 postero

68 3267 109 3330 dio
129 3271 258 3354 triginta
275 3271 335 3335 viri
359 3271 491 3353 imperio
509 3272 687 3355 privantur:
710 3273 788 3338 Xon.
809 3270 848 3350 ll,
866 3273 897 3349 4,
916 3272 954 3336 21
981 3273 1038 3337 καὶ
1060 3262 1105 3357 μὴ
1123 3271 1195 3336 πεί-

69 3378 160 3440 ίεοίίε
182 3390 251 3453 τοις
270 3369 511 3454 ἀνοσιωτάτοις
529 3375 725 3464 τριάκοντα,
749 3379 782 3444 οἳ
804 3377 902 3444 ἰδίων
925 3372 1075 3464 κερδίων
1094 3373 1194 3441 ἕνεκα

68 3471 168 3564 ίίίγου
194 3485 265 3550 δεῖν
291 3485 427 3560 πλείους
450 3475 677 3552 ἀπεκτόνασιν
700 3479 887 3574 Ἀθηναίων
916 3483 953 3552 ἐν
981 3477 1073 3551 ὀκτώ
1096 3484 1195 3570 μησίν

67 3579 218 3670 iaderae
240 3587 512 3679 Πελοποννήσιοι
536 3587 617 3656 δέκα
641 3587 698 3680 ἔτι]
720 3598 953 3680 πολεμοῦντες.

144 3697 261 3776 Quibus
284 3699 474 3765 testimoniis
497 3699 686 3782 comparatis
714 3701 849 3785 primum
873 3722 909 3768 eo
932 3699 1132 3772 adducimur,
1161 3702 1196 3760 ut

68 3799 158 3866 Grutii
180 3807 369 3872 sentcntiam
388 3807 562 3884 reiciamus,
586 3807 640 3892 qui
662 3813 734 3872 octo
758 3807 827 3874 illos
846 3827 977 3884 menses,
1000 3804 1114 3891 quibus
1138 3803 1195 3867 tri-

67 3907 144 3984 ginta
166 3913 221 3976 riri
245 3932 314 3976 rem
336 3913 493 3996 publicam
516 3915 670 3991 rexerint,
698 3915 770 3981 inde
793 3915 834 3980 ab
858 3913 991 3980 Athenis
1014 3913 1115 3994 captis
1138 3931 1196 3974 nu-

69 4017 217 4084 merandos
240 4041 308 4084 esse
331 4027 445 4097 censet,
468 4022 514 4086 ita
536 4029 572 4086 ut
594 4043 614 4086 a
636 4041 742 4087 mensa
761 4022 864 4106 Aprili
887 4019 1045 4104 usquead
1065 4018 1195 4082 Decem

68 4117 146 4184 brem
171 4148 306 4191 mensem
319 4127 512 4214 ,dominatus
539 4127 667 4193 illorum
694 4127 798 4193 fucrit.
811 4131 835 4212 ¹)
887 4127 1018 4193 Constat
1046 4125 1129 4190 enim
1157 4146 1195 4188 ex

72 4219 267 4237 κὴ·-

150 4267 249 4324 1ιΙΙΙΙΙ
269 4287 295 4338 p.
315 4269 351 4324 49
373 4267 454 4323 Their
472 4267 618 4324 dominica
637 4270 799 4339 continued,
824 4270 941 4325 εοίιίιοαί
959 4283 1016 4339 any
1035 4263 1130 4322 αινιιά
1148 4279 1195 4330 op

70 4353 175 4414 οειίιίοο
192 4357 270 4412 mode
289 4365 318 4413 ιο
336 4359 365 4428 εἰ,
383 4357 430 4424 sor
448 4359 532 4416 about
551 4359 624 4432 εἰγίιί
642 4360 751 4416 mouths
768 4361 842 4427 from
861 4359 904 4414 the
918 4363 1035 4427 coptrrrc
1049 4354 1083 4422 os
1092 4351 1196 4408 Athene
