3048 4898
264 328 306 396 12
706 369 746 380 -
793 331 867 416 [ce]
913 371 953 380 -

256 524 428 592 sententias
450 523 500 591 bis
523 527 642 611 positas
665 527 857 593 invenimus'
894 527 977 594 Sane
1000 529 1033 594 id
1051 528 1180 612 quidem
1197 529 1238 596 sb
1256 551 1294 595 ee
1312 531 1400 613 quod

256 632 387 699 anobis
410 635 607 718 propositum
629 641 677 700 est
699 635 878 718 discrepare
900 636 1034 712 videtur,
1056 657 1091 700 re
1113 657 1189 702 vera
1210 642 1315 704 tamen
1331 659 1399 702 non

256 739 422 825 discrepat.
459 739 521 807 Sed
539 741 701 807 videamus
715 742 870 827 quomodo
885 741 946 808 hoc
958 743 1132 826 periculum
1146 743 1327 810 evitandum
1343 746 1399 812 sit
1522 739 1523 754 ¹

343 846 449 931 Atque
474 847 611 932 primum
638 849 765 933 quidem
790 849 921 916 consilio
943 854 1051 917 nestro
1074 869 1249 935 repugnare
1272 852 1401 918 videtur
1522 873 1523 934 p

255 953 466 1038 fragmentum
488 955 630 1022 versibus
658 957 733 1023 209.
753 956 818 1022 210
845 975 1040 1041 expressum,
1067 958 1152 1041 quod
1178 957 1285 1042 paullo
1312 957 1400 1023 infra
1522 995 1523 1006 ,

254 1068 326 1145 post
348 1083 374 1128 v.
398 1061 463 1127 332
486 1063 520 1126 in
543 1064 650 1130 codiee
673 1064 704 1128 A
727 1064 896 1149 repetitur:

397 1170 461 1236 209
488 1161 624 1248 Οὐδείς
640 1193 704 1236 τοι
722 1167 882 1255 φεύγοντι
896 1171 993 1252 φίλος
1010 1171 1068 1235 καί
1081 1161 1199 1250 πιστὸς
1214 1166 1358 1257 ἑταῖρος·
1369 1173 1398 1258 ¹)

396 1277 462 1343 210
528 1284 586 1363 τῆς
610 1277 645 1344 di
669 1285 775 1364 φυγῆς
797 1275 888 1342 ἐστίν
909 1269 1002 1342 τοῦτ’
1026 1268 1295 1364 ἀνιηρότερον.
1522 1347 1523 1356 ,

254 1390 326 1468 post
340 1407 366 1450 v.
381 1383 461 1450 332:
487 1376 565 1450 0οκ
589 1380 698 1450 ἔστιν
725 1378 884 1468 φεύγοντι
911 1386 1008 1466 φίλος
1029 1386 1087 1450 καὶ
1108 1377 1228 1465 πιστὸς
1251 1381 1396 1472 ἑτοῖμος·

527 1499 586 1580 τῆς
609 1491 645 1558 δὲ
668 1499 773 1578 φυγῆς
797 1489 887 1558 ἐστίν
909 1483 1006 1557 τοῦτ’
1030 1482 1304 1579 ἀνιηρότατον.
1522 1479 1523 1486 ¹

255 1597 303 1662 Ex
323 1597 433 1664 tabule
455 1620 551 1683 supra
567 1621 596 1683 p.
616 1599 659 1664 63
678 1599 841 1684 proposita
862 1604 996 1685 apparet
1016 1619 1123 1665 versus
1141 1601 1216 1666 209.
1234 1603 1300 1667 210
1321 1607 1398 1684 pest
1522 1625 1523 1634 ¹

254 1726 377 1770 versum
400 1704 465 1771 332
487 1706 639 1790 repetitos
661 1706 724 1790 legi
746 1707 780 1771 in
801 1727 864 1772 uno
888 1707 994 1773 codice
1015 1705 1202 1784 Mutinensi,
1223 1729 1287 1774 uon
1310 1708 1342 1772 in
1369 1711 1398 1772 0

254 1833 356 1897 neque
391 1813 424 1878 in
460 1814 591 1896 reliquis
622 1813 781 1880 codicibus
812 1813 1048 1880 recentioribus.
1102 1814 1151 1879 Ea
1181 1836 1262 1899 quac
1293 1814 1396 1880 altero

254 1920 323 1987 loco
344 1927 418 2004 post
434 1943 461 1986 r.
481 1919 546 1985 332
568 1921 707 1986 traditur
724 1921 867 1998 lectione,
890 1941 984 2004 quem
1002 1921 1097 1986 etiam
1117 1920 1260 1987 Clemens
1278 1919 1394 1986 Strom.
1522 1975 1523 2014 3

254 2026 298 2091 VI
321 2049 350 2112 p.
374 2027 440 2093 620
462 2027 585 2104 laudat,
607 2028 704 2093 uerba
726 2027 917 2112 Theognidis
939 2025 1064 2093 fidelius
1087 2033 1212 2092 servate
1233 2048 1301 2092 esse
1323 2048 1396 2091 cum

253 2133 390 2218 Bergkio
421 2135 589 2200 consentio,
643 2134 768 2200 Evincit
794 2139 959 2220 praeterea
992 2125 1214 2220 ἀνιηρότατον
1250 2133 1394 2218 superla-

254 2242 337 2306 tivus
364 2241 498 2306 alteram
525 2241 586 2306 loci
613 2249 685 2326 post
707 2263 735 2306 v.
758 2240 823 2306 332
852 2241 1020 2306 lectionem
1047 2241 1268 2324 Theognidece
1295 2240 1394 2324 scrip-
1522 2267 1523 2300 l

253 2350 344 2412 turae
371 2347 470 2431 magis
497 2349 665 2433 propriam.
720 2347 939 2432 Compluribus
967 2349 1051 2414 euim
1077 2347 1154 2414 locis
1185 2347 1395 2432 superlativus
1522 2415 1523 2444 ζ

254 2454 363 2518 eadem
385 2453 452 2520 iere
469 2453 637 2521 verborum
659 2456 878 2522 coniunctione
900 2456 1067 2532 muenitur,
1089 2455 1319 2539 comparativus
1336 2454 1393 2520 ad·

252 2560 381 2625 modum
406 2581 494 2628 rere:
522 2561 577 2627 cfr.
608 2561 680 2628 124.
708 2563 781 2628 258.
810 2562 914 2649 (274.)
942 2561 1016 2629 812.
1044 2560 1183 2648 (1356),
1215 2560 1269 2627 eir.
1297 2563 1394 2626 etiam

253 2667 337 2751 'lyrt
366 2667 395 2732 X
418 2669 448 2733 4.
458 2671 484 2756 2)
538 2669 650 2755 licque
677 2676 749 2754 post
776 2691 900 2734 versum
926 2667 991 2733 332
1018 2689 1126 2734 uersus
1153 2667 1200 2732 illi
1231 2673 1317 2732 recte
1344 2668 1392 2732 vi·

253 2775 368 2839 dentur
391 2775 537 2854 exhibiti,
560 2777 601 2842 ad
623 2777 756 2843 alterum
779 2781 885 2842 autem
908 2774 1009 2841 locum
1032 2781 1088 2841 aut
1110 2774 1313 2858 casualiquo
1336 2781 1393 2840 aut

252 2881 383 2948 lacumee
402 2884 565 2950 cuiusdam
583 2883 756 2968 explendae
774 2903 869 2948 cause
885 2883 1047 2968 adscripti
1082 2882 1121 2948 lu
1135 2883 1272 2948 codicem
1286 2887 1392 2948 autem

255 2993 410 3056 Ouersus
432 2991 467 3055 hi
489 2997 561 3076 post
584 3013 610 3056 v.
634 2991 699 3056 332
726 2997 895 3075 propterea
920 3011 984 3055 non
1010 2989 1163 3054 admissos
1191 3009 1259 3055 esse
1280 2988 1392 3053 uerisi-
1522 2995 1523 3002 ’

251 3097 325 3162 mile
353 3105 414 3175 est,
441 3098 516 3198 quia
537 3099 632 3164 huius
659 3097 775 3164 codicis
801 3097 949 3163 librarius
977 3095 1118 3181 quisquis
1145 3095 1207 3161 fuit
1232 3095 1391 3161 distichon

252 3203 331 3269 illud
353 3205 460 3289 paullo
483 3227 579 3289 supra
601 3225 669 3270 sese
691 3204 852 3288 scripsisse
874 3203 1068 3269 meminerat.

340 3309 442 3377 Simili
469 3312 561 3379 modo
589 3311 807 3396 explicandum
830 3311 968 3387 videtur,
994 3310 1079 3393 quod
1101 3331 1210 3375 versus
1232 3309 1306 3375 211.
1325 3310 1392 3376 212

252 3419 285 3484 iu
303 3419 514 3505 Theognideis
531 3420 581 3485 bis
600 3421 754 3504 leguntur.
797 3420 881 3499 Quos
899 3423 936 3482 ut
953 3415 1145 3482 commodius
1163 3416 1247 3482 inter
1265 3437 1298 3480 se
1317 3437 1392 3480 cen-
1522 3457 1523 3512 3

252 3526 344 3604 feras,
366 3526 419 3592 hic
441 3526 663 3593 exscribamus:

296 3633 360 3698 211
389 3627 509 3700 Οἰνόν
526 3657 589 3699 τοι
607 3634 739 3700 πίνειν
762 3622 916 3697 πουλὺν
938 3626 1077 3695 κακόν·
1100 3620 1142 3716 ἢν
1162 3627 1198 3694 δέ
1215 3650 1266 3704 τις
1284 3618 1391 3692 αὐτὸν

295 3741 360 3805 212
427 3743 509 3824 πίνῃ
533 3739 767 3823 ἐπισταμένως,
791 3731 837 3804 οὐ
859 3728 979 3815 κακὸς
1003 3727 1086 3802 ἄλλ’
1110 3727 1269 3820 ἀγαθός.

296 3847 361 3913 509
388 3843 503 3926 Οἶνος
524 3843 739 3931 πινόμενος
760 3837 910 3923 πουλὺς
932 3839 1072 3909 κακόν·
1095 3834 1138 3930 ἢν
1161 3841 1198 3907 δέ
1215 3865 1265 3918 τις
1284 3833 1391 3906 αὐτὸν

295 3953 361 4018 510
427 3957 508 4038 πίνῃ
533 3952 767 4037 ἐπισταμένως,
791 3946 836 4020 οὕ
858 3942 983 4017 κακὸν
1007 3941 1092 4016 ἀλλ’
1115 3941 1278 4034 ἀγαθόν.

341 4097 360 4158 .¹l
379 4097 540 4152 Lectionum
552 4095 686 4150 rerisnrm
701 4093 830 4149 minutias
845 4079 1168 4161 doctorumquehirorum
1183 4089 1391 4146 emendationes

252 4173 280 4223 et
298 4167 551 4238 interpretationes,
577 4183 647 4237 quoe
665 4167 700 4223 ad
720 4181 778 4221 rem
796 4165 1010 4234 intellegendam
1029 4162 1117 4216 minus
1136 4161 1310 4217 necessariae
1328 4177 1390 4218 esse

251 4241 418 4307 viderentur,
437 4241 529 4296 ethic
547 4245 575 4295 et
594 4239 621 4293 in
641 4238 773 4308 proximis
791 4235 973 4306 praetermisi.

339 4333 360 4391 'l
380 4331 428 4386 cfr.
451 4327 658 4397 Kuellenbergii
681 4327 805 4382 libellum
828 4327 871 4391 ,de
895 4324 1049 4381 imitatione
1071 4323 1257 4393 Theognidea‘
1281 4326 1389 4392 Argen-

251 4404 335 4460 torati
353 4419 441 4474 nuper
459 4402 560 4459 editum
578 4417 604 4470 p.
624 4403 658 4456 52
677 4400 740 4453 edn.
761 4401 783 4451 1.
