3034 4896
713 329 927 390 ,52-

338 511 419 578 Cum
442 513 483 580 de
505 515 696 580 mortalitate
716 515 844 582 animae
859 514 956 593 dieat,
982 520 1079 599 poete
1094 513 1190 580 etiem
1205 533 1277 580 eam
1292 514 1392 580 effert

253 634 395 694 aeneam,
419 617 505 700 quad
528 637 628 704 aegra
650 618 757 684 sanari
780 618 883 704 pessit
910 617 976 703 (111,
1004 620 1158 700 5¹3-82'2

373 721 488 784 addere
509 722 591 785 euim
607 723 715 805 partr'e
736 730 793 786 aat
814 722 923 786 ardeae
946 721 1097 786 traieeere
1118 731 1254 786 aecumst

375 831 432 888 eat
452 823 577 909 aliquid
591 845 725 908 praetem
746 825 784 888 de
806 845 926 889 eamme
948 824 1113 888 detrahere
1134 823 1243 900 hilam,

376 935 566 991 commutare
587 927 726 992 animam
748 927 932 1012 quietamque
953 927 1098 992 adoritur
1119 935 1149 991 et
1171 927 1239 1011 iaflt

374 1038 431 1092 eat
452 1029 550 1094 aliem
574 1032 714 1115 quaareie
737 1039 886 1095 naturam
894 1030 1029 1118 flectere
1052 1030 1185 1114 qaaerit.

307 1191 312 1202 r
374 1142 408 1196 at
430 1155 527 1217 neque
551 1135 727 1220 transferri
744 1134 807 1198 eibi
821 1134 929 1217 partie
950 1155 1006 1198 aee
1028 1132 1127 1198 tribui
1147 1133 1214 1197 erait

376 1233 553 1300 immortale
576 1238 661 1322 qaod
680 1245 727 1301 eet
749 1237 914 1321 quisquam
935 1258 1033 1320 neque
1054 1237 1093 1300 de
1112 1257 1188 1300 aere
1209 1233 1322 1299 in'lam.

253 1334 369 1402 deinde
392 1345 567 1421 sequuntur
589 1339 637 1404 illi
659 1358 782 1405 versus.
822 1338 1029 1417 uterimei,
1055 1357 1128 1404 eum
1150 1345 1291 1416 senetur,
1317 1337 1395 1403 ani·

253 1458 325 1504 mae
347 1446 457 1524 partes
479 1441 660 1507 tribuantur
683 1442 734 1508 vel
750 1441 928 1522 demantur,
955 1461 1019 1506 uon
1035 1459 1076 1506 ex
1091 1441 1159 1506 suis
1175 1439 1291 1506 finibus
1308 1441 1392 1507 exit.

252 1539 360 1618 Quare
383 1543 432 1608 illi
454 1563 566 1610 versus
589 1544 640 1612 hie
663 1544 763 1630 inepti
786 1551 870 1611 sunt.
896 1582 938 1592 —

337 1646 501 1714 Postremo
523 1648 619 1713 etiam
642 1667 769 1714 versum

633 1750 677 1830 II,
702 1752 763 1816 864
793 1753 844 1833 [=
866 1751 893 1826 1,
921 1752 991 1831 797)

253 1869 323 1916 eum
347 1850 501 1917 Gaebelio
528 1853 701 1919 insiticium
724 1861 812 1939 pute.
859 1853 943 1919 Nem
973 1859 1004 1919 et
1031 1853 1101 1918 eine
1125 1872 1239 1920 seusus
1268 1852 1394 1918 damno

250 1952 404 2018 omittitur
426 1960 459 2020 et
480 1956 713 2022 enuntiatorum
736 1956 835 2022 efficit
860 1976 1017 2023 conexum
1047 1955 1324 2023 molestissimum:
1362 1957 1394 2022 si

252 2055 431 2121 vetamus
459 2058 670 2143 subiungere,
702 2080 743 2125 ue
767 2059 848 2124 tibi
867 2059 1011 2125 redeant.
1057 2059 1149 2125 Hane
1177 2059 1392 2125 offensionem

252 2161 422 2242 removeri,
448 2162 531 2227 siin
554 2162 716 2229 eodieibue
738 2172 824 2230 esset
846 2182 957 2229 versus

407 2287 446 2328 ne
468 2287 518 2329 ree
540 2265 585 2329 ad
604 2267 702 2330 ailam
724 2267 911 2350 redigantur
922 2266 1077 2353 funditus
1099 2288 1212 2344 omnes,

251 2386 321 2431 eum
334 2374 419 2433 reete
432 2365 547 2434 viderit
559 2367 779 2450 Neumennus‚
793 2388 856 2454 quo
867 2377 975 2435 temen
987 2369 1055 2435 iure
1068 2387 1204 2435 errorem
1221 2369 1392 2435 librarii

252 2488 310 2553 pro
331 2468 387 2534 illo
409 2487 504 2535 versu
526 2470 611 2538 hune
629 2471 796 2538 scribentis
813 2471 940 2538 facilem
956 2471 1054 2554 diest,
1073 2471 1126 2536 rix
1142 2471 1324 2555 intelleges.
1344 2509 1393 2520 -

337 2674 497 2762 Deinceps
520 2677 617 2743 aliem
633 2677 770 2762 plurium
787 2697 937 2744 versuum
952 2677 1159 2761 repetitarum
1175 2677 1290 2744 seriem
1307 2698 1392 2744 ena·
1511 2695 1512 2708 *

252 2777 419 2845 minemus.
467 2780 618 2864 Legimus
641 2781 725 2846 enim
748 2800 860 2846 versus

360 2905 434 2946 nam
458 2883 532 2946 beree
555 2884 610 2968 qai
629 2883 766 2947 didicere
788 2885 861 2947 deae
883 2905 1024 2948 sectemini
1047 2905 1139 2969 aqere
1161 2904 1279 2962 aerem,

358 2986 389 3048 ei
407 2993 512 3067 tamen
534 2987 654 3050 interea
676 2987 835 3050 mirantur
856 3009 918 3071 qua
940 2986 1062 3050 ratione

360 3112 499 3174 quaeqae
520 3089 592 3174 qeri
606 3091 742 3174 poesim,
765 3089 953 3173 praesertim
975 3091 1068 3154 rebar
1090 3089 1123 3152 in
1147 3089 1212 3153 illie

360 3214 438 3276 qaae
460 3214 574 3278 supera
597 3201 692 3276 caput
714 3191 861 3258 aetheriis
883 3201 1055 3256 cernantur
1076 3193 1110 3255 ia
1132 3192 1206 3268 orie,

361 3316 470 3358 terreres
492 3295 525 3358 ia
547 3296 692 3379 antiquae
714 3297 898 3381 referantur
919 3295 1092 3378 religriareie,

360 3406 391 3460 et
412 3398 552 3461 cleminoe
574 3398 657 3462 aeris
679 3397 867 3476 adsciscunt,
894 3398 997 3462 amaia
1014 3419 1108 3482 posse

359 3523 434 3584 quoe
455 3500 564 3564 miseri
583 3502 723 3580 eredunt,
749 3500 856 3585 iaaari
876 3499 954 3584 qaid
973 3508 1066 3584 queat
1087 3521 1161 3582 esee,

358 3603 435 3688 qaid
455 3613 596 3688 nequeat,
610 3603 712 3688 finita
732 3612 873 3688 potestas
894 3604 1026 3688 denique
1048 3603 1157 3689 ruique

359 3729 493 3791 quanam
516 3708 558 3772 sit
579 3708 700 3772 rationi
720 3716 814 3792 atque
835 3708 900 3771 alte
924 3707 1073 3770 terminus
1096 3705 1237 3770 haerens.

251 3809 337 3875 etin
360 3810 459 3892 quinti
488 3813 649 3894 (sn-ee),
676 3820 708 3878 et
736 3811 770 3876 in
799 3809 880 3875 sexti
911 3810 1070 3892 (ee—66)
1103 3807 1175 3874 libri
1203 3809 1385 3892 prooemio:

252 3919 418 3998 praeterea
438 3913 501 3980 duo
524 3914 572 3979 iili
587 3914 721 3981 extremi
738 3931 849 3979 versus
873 3913 950 3998 qaid
962 3921 1096 3997 nequeat
1110 3935 1137 3976 e.
1155 3935 1186 3997 q.
1204 3933 1231 3975 e.
1255 3911 1289 3976 iu
1306 3912 1389 3978 libro

250 4016 351 4100 primo
374 4017 423 4083 bie
452 4019 513 4098 (76.
534 4020 567 4098 73
595 4021 668 4082 595.
688 4020 716 4100 6]
744 4016 871 4100 repetiti
894 4022 978 4082 sunt.

701 4119 755 4196 vl,
782 4121 933 4182 58-66.

336 4225 383 4288 Aa
405 4223 541 4306 primum
565 4222 693 4305 qrridem
716 4222 849 4287 moleste
878 4221 950 4286 iilos
973 4240 1086 4286 norem
1110 4238 1231 4296 versus,
1257 4219 1389 4304 inqui·
