2982 4884
537 367 581 382 -
626 330 713 414 [τοι]
759 365 804 378 -
1112 338 1116 347 ·
1178 327 1237 394 ror

191 539 224 603 p.
243 521 349 584 592ιιε
370 517 417 584 ita
431 518 520 603 lego:
548 516 580 584 οἱ
603 517 639 583 di
651 511 864 603 Ἰσοκράτους
879 517 936 582 καλ
950 519 1087 584 Λυσίου
1107 518 1161 598 (ευ.
1180 515 1239 582 λό-

103 623 165 708 γοι)
186 617 317 698 παντὸς
338 617 485 704 μάλιστα
501 621 627 688 δίκαιοί
648 645 684 686 τε
707 621 764 689 καί
783 614 925 708 ἀληθεῖς
945 623 999 702 [sc.
1017 619 1176 686 δοκοῦσιν
1191 614 1239 686 εί-

100 728 185 808 ccc),
223 719 286 792 κύν
318 722 364 812 μὴ
394 732 534 794 τοιαῦτα
557 713 623 814 (ἦ)
653 721 695 790 τά
723 721 908 811 πράγματα
942 721 979 790 έν
1007 717 1134 801 αὐτοῖς.
1188 724 1239 790 Ad
1324 805 1328 815 .

103 828 344 898 collocationem
373 828 460 896 vocis
488 817 676 916 ‚riconierns
704 850 738 914 p.
757 831 833 894 476⁷
867 821 951 894 όταν
979 826 1133 913 διαπορῶ
1158 877 1164 892 .
1192 877 1199 894 .
1228 877 1236 894 .

101 933 161 998 καί
185 929 230 1020 μὴ
254 928 373 1018 ῥᾴδιον
394 920 414 1018 ᾖ
437 932 507 999 κτλ.

190 1057 223 1120 p.
243 1039 363 1102 595ross
389 1039 432 1100 Τί
453 1033 492 1128 δὴ
517 1041 623 1102 ταῦτα
645 1031 688 1102 τά
708 1037 875 1120 προοίμια
897 1027 1052 1122 ἀλλήλων
1066 1031 1235 1121 διαφέρεις

103 1136 201 1225 παρά
222 1141 341 1226 Λυσίᾳ
362 1139 426 1222 μὲν
440 1133 536 1227 ἡδεῖά
559 1137 650 1206 ἐστιν
666 1132 686 1226 ἡ
703 1136 854 1225 εἰσβολὴ·
883 1138 954 1204 καί
976 1132 1021 1203 δι’
1036 1132 1135 1206 οὐδέν
1158 1134 1238 1204 όλλο

101 1243 235 1326 μᾶλλον
255 1236 276 1329 ἢ
299 1236 351 1308 ὅτι
373 1249 523 1330 φυσικῶς
546 1265 621 1318 πως
643 1241 773 1329 ε’ίρηται
794 1241 852 1308 καλ
866 1235 1012 1330 άφελῶς.
1053 1246 1121 1306 Καί
1139 1243 1239 1328 perti-

101 1347 212 1414 culnm
234 1351 309 1414 aute
332 1339 379 1411 δι’
394 1341 503 1428 οὐδὲν,
531 1345 608 1429 quia
623 1346 756 1413 verbum
779 1345 903 1412 finitum
917 1345 1052 1431 copulae
1076 1343 1167 1414 ἐστιν
1189 1366 1240 1412 rc-

102 1450 268 1535 spondens
297 1470 360 1518 non
383 1449 536 1534 seqnitur,
562 1447 734 1516 delendam
757 1467 829 1516 csse
852 1468 978 1515 censeo.
1022 1449 1096 1516 Una
1117 1457 1241 1516 mooun

102 1571 205 1620 canen
225 1558 285 1636 est,
310 1572 367 1620 cur
381 1552 502 1636 Lysiae
524 1550 690 1618 exordium
712 1570 811 1618 snare
833 1551 885 1620 sit.
925 1550 1015 1617 Idem
1038 1552 1149 1618 vitium
1172 1553 1242 1620 vol-

102 1663 182 1742 gata
196 1655 279 1722 tollit
293 1677 325 1740 p.
341 1659 418 1722 453⁴
442 1654 628 1722 διετέλεσεν
644 1648 770 1720 αὐτόθι
792 1652 1055 1737 πολιτευόμενος
1078 1653 1115 1721 ἐν
1136 1649 1241 1722 εὐπο-

104 1764 163 1846 ρίᾳ
185 1759 318 1844 πολλῇ,
353 1759 452 1841 καλέ)
478 1759 612 1846 [πολληι
634 1759 691 1824 καλ
711 1758 749 1840 F]
774 1763 874 1846 μέχρι
900 1765 959 1845 τῆς
981 1765 1161 1845 συμφορᾶς
1183 1767 1240 1846 τῖης

103 1859 338 1948 κατασχούσης
359 1859 564 1949 Ἀθηναίους
586 1860 623 1928 ἐν
645 1861 782 1946 Σικελίᾳ
796 1861 877 1928 PM:
903 1861 960 1926 καλ
982 1881 1044 1928 cnr.
1070 1863 1108 1928 R.
1156 1863 1240 1929 Nam

103 1985 145 2034 ne
175 1964 253 2049 quid
275 1965 475 2032 intercidisse
497 1971 644 2051 putemus
670 1963 770 2032 veluti
791 1962 935 2050 μεγάλη,
969 1973 1001 2032 ct
1023 1965 1103 2032 ratio
1126 1966 1242 2033 suadet

103 2107 146 2120 -
170 2068 328 2154 languida
349 2068 435 2136 cuim
463 2067 623 2134 sententie
645 2075 732 2136 esset
753 2105 796 2116 -
819 2075 851 2134 et
872 2068 1019 2152 Dionysii
1045 2070 1240 2136 consuetudo

103 2173 215 2253 docet,
248 2171 303 2256 qui
331 2165 476 2257 εὐπορία
509 2168 618 2257 πολλὴ
652 2171 709 2238 καὶ
737 2167 863 2258 μεγάλη
893 2170 927 2238 in
960 2171 1126 2240 rhetoricis
1155 2180 1241 2240 certe

103 2274 233 2360 scriptis
249 2294 312 2340 non
328 2273 418 2354 dixit,
437 2293 540 2358 neque
552 2273 785 2357 Antiquitatum
801 2280 911 2359 partes
922 2274 1030 2340 vomas
1045 2277 1241 2361 percurrenti

103 2378 185 2445 mihi
207 2377 288 2444 hacc
309 2377 429 2444 locutio
451 2377 576 2443 obviam
600 2376 685 2443 iacta
707 2384 767 2444 cst.
813 2377 931 2444 Contra
958 2370 1104 2465 εὐπορία
1132 2377 1240 2470 πολλή

103 2481 225 2566 legitur
247 2503 279 2566 p.
298 2483 374 2546 446⁵
400 2479 436 2546 ἒν
459 2474 604 2566 εὐπορίᾳ
630 2531 636 2545 .
659 2531 692 2544 ..
718 2480 852 2548 πλείονι
874 2488 932 2569 της
955 2479 1070 2568 ἑτέρας
1093 2482 1217 2571 διῆγεν.

192 2606 225 2671 p.
245 2586 350 2650 598οεε
368 2577 406 2652 ‘0
428 2583 491 2667 μὲν
510 2578 633 2660 Ἰσαῖος
656 2580 832 2670 ἐπιτρόπῳ
861 2584 929 2650 τινί
959 2583 1126 2665 συντάξας
1154 2580 1241 2652 ὐπο-

105 2691 228 2776 λογίαν
246 2740 279 2753 .·
303 2684 464 2774 ·τοιαύτη
488 2690 646 2774 κέχρηται
669 2681 765 2774 άρχῇ.
812 2687 901 2774 Lego
924 2684 1061 2774 τοιαύτη
1084 2695 1242 2778 κέχρηται

104 2789 203 2880 (τῇ)
228 2785 322 2877 άρχῇ,
349 2797 384 2857 ut
406 2792 439 2857 in
462 2792 530 2858 loco
553 2811 692 2875 congruo
714 2813 747 2877 p.
767 2791 887 2856 59912ss
911 2785 928 2857 ὁ
952 2791 989 2857 δὲ
1011 2796 1181 2870 Λυσίας.
1203 2842 1210 2860 .
1232 2846 1239 2859 .

103 2891 250 2979 τοιούτῳ
273 2898 430 2981 κέχρηται
453 2899 504 2978 τῷ
527 2897 708 2980 προοιμίῳ.
755 2892 899 2960 Eandem
926 2893 1075 2978 Dionysii
1105 2915 1241 2962 consue-

103 2997 248 3066 tudinem
276 3004 403 3063 sccutus
432 2999 626 3081 p.1122mss
654 2997 700 3063 ita
728 2997 847 3064 scribo:
886 2995 927 3062 ‘A
949 2996 987 3062 δέ
1016 2995 1049 3083 γ’
1073 2995 1241 3087 Αἰσχίνης

104 3101 187 3187 περὶ
209 3094 315 3166 αὐτοῦ
335 3096 460 3188 γράφει
481 3107 714 3188 συκοφαντῶν,
747 3094 860 3187 ὥσπερ
885 3099 980 3190 ἔφην,
1013 3101 1090 3166 τοτὲ
1112 3102 1175 3185 μὲν
1198 3095 1241 3181 ὡς

104 3216 242 3289 πικροῖς
259 3203 315 3268 καλ
330 3207 521 3290 περιέργοις
537 3201 673 3292 (τοῖς)
688 3197 834 3286 ὀνόμασι
848 3208 1033 3291 χρωμένου,
1058 3205 1132 3270 τοτὲ
1149 3199 1182 3271 d'
1198 3199 1241 3284 ὡς

104 3303 225 3395 άηδέσι
236 3307 294 3372 καὶ
306 3317 490 3393 φορτικοῖς,
507 3306 627 3393 ρῳόίας
643 3305 711 3389 ἔχει
723 3303 783 3384 τὰς
795 3301 993 3393 ἀπολογίας,
1012 3307 1053 3373 cf.
1069 3331 1101 3395 p.
1117 3311 1237 3391 mesu,

104 3412 161 3478 ubi
188 3410 229 3479 de
258 3410 371 3478 eodem
394 3409 553 3477 Aeschine
574 3409 750 3495 Dionysius
779 3411 927 3495 loquitur:
966 3408 1013 3478 Τὸ
1037 3411 1074 3477 di
1097 3411 1243 3500 φάσκειν

105 3525 284 3604 φορτικοῖς
306 3513 363 3578 καλ
385 3507 502 3600 άηδέσι
531 3523 598 3579 roi
605 3538 621 3591 ς
652 3508 817 3596 ὀνόμασιν
840 3508 944 3581 αὐτὸν
966 3520 1155 3603 κεχρῆσθαι
1175 3515 1242 3582 πό-

106 3623 173 3683 θεν
203 3614 355 3704 ἐπῆλθεν
382 3610 474 3702 αὐτῷ
495 3618 613 3701 λέγειν,
646 3610 734 3702 ὐπὲρ
764 3614 878 3683 πάντα
901 3616 1004 3703 ἔγωγε
1026 3617 1239 3703 τεθαύμακα.

104 3719 223 3788 Itidem
245 3719 413 3786 articulum
436 3718 520 3786 addc
543 3741 575 3804 p.
597 3723 707 3786 106014
731 3719 823 3787 δοκεῖ
841 3717 879 3808 δή
896 3745 956 3804 μοι
970 3727 1036 3788 τῶν
1050 3722 1114 3805 μὲν
1128 3716 1242 3811 ὑψηλῇ

105 3824 164 3889 καὶ
179 3827 318 3908 περιττῇ
332 3822 389 3888 καί
412 3819 638 3908 ἐξηλλαγμένη
654 3820 747 3912 (τῇ)
763 3824 852 3902 λέξει
867 3829 1080 3912 κεχρημένων
1101 3822 1240 3891 κατὰτὸ

106 3930 320 4014 σαφέστερον
354 3925 413 3992 καί
440 3923 634 4010 κοινότερον
760 3921 923 4012 προῦχειν
953 3921 970 3992 ό
1000 3931 1237 4016 Δημοσθένης,

103 4030 146 4098 ef.
173 4051 206 4116 p.
228 4032 302 4095 1822
325 4026 471 4111 μάλιστα
494 4025 634 4096 πάντων
649 4035 714 4096 τῶν
729 4029 815 4116 πεζῇ
837 4037 881 4118 τῇ
904 4031 993 4110 λέξει
1007 4036 1238 4118 χρησαμένων.

108 4169 316 4184 m

178 4257 195 4318 ¹)
216 4253 273 4318 καὶ,
292 4273 311 4306 α
328 4254 359 4310 in
376 4270 432 4309 ruo.
447 4253 494 4308 111.
