2994 4890
291 339 350 402 ros
721 372 762 381 -
810 335 894 417 [rori
942 371 985 380 -

289 524 425 610 septimo
452 544 537 589 anno
566 529 641 588 ante
668 522 834 588 deoessum
859 519 1089 595 Demosthenis,
1121 515 1316 584 annosiore
1342 535 1406 580 osn-

279 634 354 698 ¹tum
377 633 506 692 natus.“
551 625 710 708 Toylorus
732 625 830 708 igitur
851 623 914 688 vim
937 621 1025 688 roois
1048 619 1258 703 έπακμαζειν
1285 618 1406 686 eandem

288 729 354 796 iero
383 749 456 796 esse
478 728 548 794 vuli
577 748 671 811 quam
694 727 785 793 verbi
814 729 1055 812 παρεκτείνειν,
1088 725 1186 790 veluti
1209 745 1244 808 p.
1264 725 1336 788 5863
1357 725 1407 802 με’-

287 855 342 918 χρι
358 838 416 918 τῆς
433 832 611 896 Φιλίππου
634 829 831 906 δυναστείας
854 829 1080 915 παρεξέτεινε.
1127 827 1192 894 Sed
1212 827 1407 911 έπακμάζειν

288 955 381 1021 posse
410 921 490 1000 nibil
521 933 609 1000 aliud
639 953 712 1000 esse
740 933 802 998 nisi
832 933 944 999 llorere
974 937 1067 1017 post
1095 931 1236 1014 aliquem
1265 932 1335 1018 ipso
1360 933 1405 997 ille

288 1037 441 1123 prooemii
464 1038 553 1103 loeus
575 1037 697 1122 probat.
745 1035 909 1101 Mittnmns
932 1035 1030 1118 igitur
1051 1033 1183 1118 Taylori
1207 1035 1404 1102 coniecturam

286 1145 319 1205 el
339 1139 443 1204 looum
466 1139 654 1204 lacunosum
677 1144 923 1222 corruptumque
945 1157 1003 1203 nos
1025 1144 1132 1203 tenore
1154 1137 1322 1204 fateamur.

371 1281 404 1344 p.
423 1262 543 1324 493rrss
567 1263 654 1322 πᾶσί
676 1282 710 1323 τε
740 1259 798 1322 καὶ
820 1253 949 1333 παντὸς
976 1254 1122 1339 μάλιστα
1146 1265 1246 1324 τοῦτο
1270 1283 1405 1346 παρακι-

286 1362 471 1448 λευσαίμην
497 1358 807 1447 [παρεκελευσάμην
821 1361 894 1443 Ful]
923 1353 1038 1426 ἀσκεῖν
1061 1357 1098 1425 τὸ
1121 1365 1223 1447 μέρος
1245 1369 1266 1442 †
1288 1359 1330 1428 ἂν
1348 1361 1400 1445 κδ’]

290 1458 405 1546 [αὐτοῦ
427 1466 464 1548 R]
491 1469 626 1530 Λυσίου
655 1465 909 1549 παραδείγμασι
934 1464 1206 1549 [παραδείγματα
1228 1467 1267 1550 R]
1300 1467 1404 1532 ποιού-

284 1589 385 1647 μενος
413 1563 473 1642 τὰς
496 1572 693 1650 γυμνασίας.
743 1568 845 1632 Loous
867 1566 999 1650 gravim
1028 1573 1194 1651 eutropius
1224 1576 1289 1649 est,
1321 1589 1402 1652 quam

286 1676 321 1734 ul
335 1671 442 1734 sanari
457 1670 569 1754 possit.
602 1671 705 1736 Unum
723 1676 829 1736 tamen
846 1669 959 1734 vitium
974 1669 1080 1734 tollas.
1121 1669 1290 1754 Optatirus
1305 1696 1404 1757 παρα-

286 1772 508 1859 κελευσαίμην
530 1779 614 1838 reete
630 1779 740 1837 oonlra
755 1771 881 1838 eodioes
899 1771 933 1837 in
947 1772 1079 1854 volgata
1093 1772 1254 1840 exhibitus
1276 1775 1404 1859 partiou-

284 1875 350 1940 lam
373 1869 415 1940 δν
429 1874 505 1940 addi
522 1874 673 1960 postulat,
699 1895 794 1958 quarn
810 1875 881 1958 quis
897 1895 938 1940 ex
953 1875 1050 1941 verbo
1065 1872 1212 1957 μάλιστα
1227 1877 1402 1944 eliciendam

287 1997 359 2043 esse
377 1976 499 2043 eredat:
527 1971 658 2060 μάλιστ’
669 1973 721 2043 δν.
762 1978 826 2043 Sed
843 1998 883 2043 ex
898 1977 1046 2062 Dionysii
1063 1980 1290 2046 eonsuetudine
1309 1981 1403 2046 malim

285 2081 605 2167 παρακελευσαίμην
619 2075 695 2167 (ἂν)
718 2075 842 2159 δοκεῖν,
880 2082 920 2146 ol.
947 2102 979 2166 p.
1000 2085 1077 2146 4553
1100 2084 1404 2170 παρακελευσαίμην

286 2177 328 2248 ἂν
355 2194 426 2260 τοῖς
454 2185 674 2266 βουλομένοις
704 2189 864 2269 καθαρῶς
893 2181 1050 2270 γράφειν.
1102 2189 1179 2249 5443
1209 2187 1402 2272 παρακελευ-

285 2289 410 2371 σαίμην
432 2279 474 2350 ἂν
498 2279 588 2370 αὐτῷ
610 2281 671 2371 τὴν
694 2283 823 2350 ἐκείνου
845 2291 905 2350 τοῦ
927 2283 1068 2372 ῥήτορος
1089 2292 1274 2369 μιμεῖσθαι
1295 2293 1403 2375 προαί-

285 2409 389 2472 ρεσιν.

372 2528 406 2590 p.
426 2509 500 2571 6331
530 2508 666 2594 πλῆθος
695 2504 805 2592 λόγων
834 2499 931 2573 εἶπεν
958 2501 1071 2573 οὐδενὶ
1097 2515 1163 2575 τῶν
1191 2511 1254 2578 loo.
1283 2515 1319 2578 18
1347 2512 1397 2576 litt.

285 2607 470 2695 σύμφωνον
493 2609 529 2674 F.
577 2609 750 2677 Florentiui
774 2611 924 2676 lacunam
953 2617 987 2676 ut
1013 2611 1208 2697 probabilem
1231 2615 1266 2680 in
1288 2613 1398 2680 modum

285 2713 458 2798 explerem,
485 2712 562 2778 milri
585 2734 648 2779 non
670 2715 813 2798 contigit.

369 2854 401 2916 p.
421 2835 542 2896 9571rss
564 2833 793 2898 Ambrosianus
815 2833 861 2899 ita
883 2832 1031 2900 exbibet:
1120 2885 1123 2891 .

1047 2938 1104 3002 καὶ
1127 2930 1146 3025 ἡ
1168 2939 1232 3020 μὲν
1253 2963 1396 3024 νεωτερο-

285 3043 383 3103 ποιία
405 3040 461 3104 καὶ
484 3036 521 3103 τὸ
546 3034 714 3125 τολμηρὸν
736 3046 794 3126 τῆς
821 3047 881 3105 τοῦ
904 3045 1124 3127 συγγραφέως
1148 3041 1273 3109 σίκεῖον
1294 3059 1337 3109 3-3
1351 3058 1392 3106 lio.

285 3140 391 3216 ἰδέας·
417 3133 436 3227 ἡ
453 3142 490 3206 δὲ
503 3136 672 3228 ἀσφάλεια
688 3142 745 3206 καὶ
761 3139 798 3206 τὸ
812 3135 991 3209 ἀκίνδυνον
1002 3151 1060 3229 τῆς
1071 3151 1132 3208 τοῦ
1144 3143 1284 3230 ῥήτορος
1298 3162 1339 3210 3-3
1351 3159 1390 3208 lio.

285 3261 380 3309 lacuna
399 3261 477 3311 13-18
493 3261 545 3311 litt.
573 3239 624 3310 iius
648 3239 707 3310 οὐκ
731 3243 980 3333 ένεπιτηδεὺσει
1001 3251 1161 3333 φαίνεται
1183 3265 1292 3315 3-3133.

284 3363 382 3412 lacuna
396 3364 476 3414 18-20
490 3365 540 3414 litt.
568 3342 831 3435 ἀνεπιτήδευτον
853 3343 941 3414 εἶναι
959 3350 1063 3415 θέλει.
1097 3341 1197 3418 κατεΙ
1219 3355 1272 3432 (fol.
1284 3362 1325 3418 99¹
1336 3358 1387 3421 meg

284 3446 466 3516 σκεύασται
486 3451 549 3532 μὲν
571 3441 632 3517 οὖν
654 3449 794 3538 ἑκάτερα
817 3453 886 3516 κτλ.

1205 3694 1247 3760 τὰ
1267 3703 1324 3763 νῦν
1342 3713 1390 3776 μορ

284 3813 334 3862 lue.
352 3812 467 3862 3-91333.
495 3820 527 3860 τι
550 3793 667 3882 πόρρω
692 3795 916 3883 διθυράμβων
938 3805 1039 3864 τινῶν
1061 3804 1268 3885 φθέγγομαι.
1293 3812 1387 3864 3-3133.

283 3917 331 3965 3-7
348 3916 399 3965 litt.
426 3893 587 3982 π’ἂλλων,
615 3893 700 3964 ἀλλὰ
716 3912 786 3976 τοῖς
803 3895 913 3967 αδτιῖιν
931 3899 1044 3986 λόγοις
1060 3896 1271 3986 ἆλισκόμείία
1293 3915 1388 3968 2-3133.

284 4019 331 4068 2=3
348 4019 400 4068 lib.
429 3997 470 4068 δν
493 4001 735 4085 δαιμονιώτατε
758 4001 898 4070 πλάττον
919 4005 989 4068 κτλ.

370 3610 403 3673 p.
422 3593 528 3656 bilrss
551 3589 754 3656 Ambrosiani
777 3591 873 3658 leutio
895 3591 976 3658 lmeo
998 3599 1064 3660 esi:

429 4226 441 4237 n

355 4241 371 4302 ¹)
391 4239 441 4308 wls
458 4241 488 4304 F,
510 4240 564 4294 suit
582 4261 607 4294 v.
