3008 4884
703 416 747 426 -
794 379 878 460 pon}
928 417 969 425 -

680 643 999 746 Epimetrum

327 824 614 894 emendationum
637 824 681 892 ad
704 823 885 892 Cornidcli
908 824 1089 893 rhetorica
1112 824 1349 910 spectantium.

359 982 453 1048 Corn.
471 981 497 1062 1,
518 983 548 1064 2,
565 981 595 1043 3.
636 981 795 1046 Memorio
817 981 977 1066 eatfirmo
999 980 1100 1046 ocimi
1119 1003 1227 1044 rerum
1248 988 1278 1044 ed
1297 982 1388 1044 ondo-

272 1106 343 1148 rum
364 1092 395 1148 ei
413 1082 628 1167 dispositioncs
636 1083 799 1166 perceptio
810 1084 844 1167 ¹).
886 1084 965 1150 dod.
984 1085 1137 1169 optimae
1151 1083 1295 1150 familiae
1307 1083 1389 1148 hebet

271 1208 378 1252 rerum
400 1210 436 1251 oc
458 1187 671 1270 uerborom2),
697 1186 768 1252 cod.
795 1191 832 1272 ρ1
848 1199 891 1252 m'.
917 1209 965 1273 pr.
991 1209 1096 1252 rerum
1110 1189 1286 1266 perimam,
1309 1185 1386 1252 codd.

273 1311 321 1356 rc
342 1311 448 1355 rerum
470 1291 710 1374 amborumque,
741 1289 820 1357 item
847 1291 882 1356 iu
906 1293 1007 1358 altero
1030 1292 1171 1358 membro
1198 1289 1289 1356 codd.
1313 1289 1388 1354 tol¹

273 1397 332 1459 νο1
351 1396 421 1477 p²v
443 1393 563 1459 omissa
578 1393 737 1477 particula
752 1393 936 1479 copulativa
951 1393 1107 1479 praebent
1122 1393 1286 1458 amborum
1300 1393 1390 1474 dispo

272 1496 407 1562 aitionic.
454 1494 547 1574 Quod
568 1496 668 1580 igitur
691 1495 818 1564 codices
847 1497 962 1582 partim
992 1498 1113 1563 nullam
1143 1497 1271 1563 omnino
1293 1496 1390 1581 portu

274 1598 329 1665 alii
353 1599 450 1664 eliam
473 1598 593 1665 hubent
621 1599 836 1682 coniungendi
864 1599 1070 1684 particulam,
1103 1605 1190 1666 recte
1219 1598 1391 1666 concludere

273 1701 420 1768 videmur
440 1702 481 1767 ab
503 1701 594 1767 initio
616 1703 678 1767 tria
707 1703 764 1768 illa
786 1704 930 1768 membra
961 1703 1051 1768 nulle
1078 1702 1224 1769 adhibita
1252 1701 1392 1787 particula

274 1801 464 1882 davonem
486 1805 587 1872 fuisse
609 1806 796 1890 composita,
822 1806 995 1891 particulas
1018 1814 1125 1872 autem
1148 1806 1343 1890 copulativae
1358 1809 1393 1886 (d

274 1933 312 1974 oc
325 1911 398 1993 qne)
423 1915 534 1993 postea
556 1907 685 1974 demum
708 1929 781 1976 esse
803 1908 954 1990 insertam
981 1909 1066 1992 quod
1089 1929 1145 1976 cur
1159 1909 1261 1991 tieret,
1287 1929 1323 1976 eu
1336 1929 1394 1974 ma-

275 2012 326 2096 gis
348 2030 447 2078 eausa
468 2031 540 2078 esse
562 2011 739 2093 videbatur,
764 2032 827 2095 qno
849 2012 1030 2078 accuratius
1058 2013 1228 2095 genetivus
1258 2011 1395 2078 subiecti·

275 2136 334 2181 uns
357 2114 456 2180 animi
475 2116 516 2181 ab
538 2114 580 2181 iis
602 2116 657 2200 qui
680 2122 831 2182 secuntus
852 2115 1011 2200 genetiuis
1034 2116 1200 2182 obiectivis
1223 2117 1396 2199 seiungere-

275 2226 336 2284 tur.
383 2221 453 2285 Hoc
481 2225 588 2285 autem
615 2219 709 2285 modo
737 2219 772 2284 in
798 2218 960 2286 Cornificii
987 2218 1076 2285 libris
1108 2219 1283 2303 particulas
1311 2239 1396 2303 saepe

274 2341 348 2389 esse
370 2321 499 2389 additas
522 2328 670 2389 accurate
692 2322 787 2389 docet
807 2324 834 2387 Ι.
854 2322 974 2402 Simon,
1001 2322 1051 2386 dio
1074 2324 1175 2387 Hdss.
1201 2324 1259 2387 der
1278 2323 1340 2388 let.
1362 2345 1397 2384 on

276 2429 359 2492 Her.
385 2448 417 2511 p.
436 2428 478 2491 11.
507 2428 602 2491 1864.
641 2425 776 2492 Accedit
797 2425 881 2510 quod
899 2418 1083 2492 ἀσύνδετον
1103 2426 1209 2511 magis
1232 2447 1273 2493 ex
1294 2435 1395 2492 natura

275 2530 372 2596 totius
393 2529 456 2596 loci
478 2528 603 2596 videtur
625 2527 713 2609 esse}
740 2529 781 2595 cf.
801 2550 885 2612 quae
900 2537 1064 2597 secuntur:
1093 2530 1174 2594 noers
1191 2531 1290 2594 colora
1302 2537 1395 2614 pestus

275 2633 464 2712 moderatim
499 2633 575 2699 item
605 2641 675 2698 orte
703 2633 877 2698 imitatione
914 2633 1144 2698 exercitatione.
1201 2632 1394 2700 Scribendnm

276 2742 326 2804 est
347 2736 462 2818 igitur:
474 2735 578 2820 finnio
600 2735 701 2800 ocimi
712 2757 817 2800 rerum
833 2737 996 2800 verborum
1011 2736 1225 2821 dispositionis
1233 2736 1391 2822 perceptio.

364 2837 467 2904 Simili
489 2837 529 2903 de
552 2858 650 2904 causa
673 2838 770 2904 Corn.
788 2839 831 2919 Π,
853 2844 882 2919 1,
901 2843 921 2902 2
951 2838 1005 2903 udi
1024 2840 1064 2903 do
1086 2861 1141 2902 see
1162 2839 1309 2924 partibas
1332 2862 1393 2902 oro-

278 2943 370 3007 tiouis
394 2941 536 3025 primum
565 2941 699 3006 scribere
728 2941 910 3026 incepimus,
940 2942 1097 3027 particula
1127 2943 1193 3026 nbi,
1226 2961 1318 3026 quem
1344 2938 1393 3006 soli

276 3045 428 3112 exhibent
449 3044 542 3110 codd.
562 3053 603 3109 et
624 3051 739 3130 postea
761 3044 872 3112 additu
895 3053 954 3127 est,
981 3052 1016 3112 ut
1038 3046 1139 3112 artius
1160 3046 1245 3112 inter
1265 3065 1300 3112 se
1320 3044 1391 3110 dnae

277 3148 513 3215 enuntiationes
536 3148 815 3233 coniungerentur.
863 3149 1105 3216 Restituendum
1128 3156 1179 3216 est
1206 3149 1302 3234 igitar
1322 3145 1393 3232 quod

277 3272 386 3318 omnes
408 3258 484 3318 ante
505 3251 688 3338 Kayserum
711 3253 866 3338 praebent
888 3253 1066 3321 editiones:
1114 3257 1167 3318 De
1189 3276 1245 3317 sce
1263 3251 1394 3336 partitas

348 3443 364 3502 ¹)
387 3441 498 3498 Dixerit
515 3442 666 3512 quispiam:
687 3442 744 3500 Cur
761 3459 816 3497 non
834 3443 942 3512 potins:
963 3460 1053 3496 reram
1072 3447 1096 3495 et
1113 3441 1297 3512 dispositionis
1313 3445 1397 3494 eleae

277 3529 367 3582 dorum
391 3533 503 3583 servato
526 3544 559 3584 eo
584 3544 664 3598 quem
687 3529 716 3583 in
741 3528 776 3584 iis
800 3543 871 3598 quae
895 3529 1020 3598 proxime
1042 3527 1214 3597 praecedunt
1237 3527 1324 3582 voluit
1344 3540 1397 3580 csso

277 3609 443 3672 Cornificius
461 3615 567 3680 ordino,
588 3631 650 3668 eum
666 3633 708 3668 rea
720 3616 780 3671 sine
794 3613 879 3670 dubio
892 3615 1051 3682 pertineant
1062 3614 1098 3668 ad
1112 3613 1310 3678 inventionem,
1331 3612 1396 3666 cerlo

277 3701 313 3756 ad
332 3701 514 3756 elocutionem
522 3705 536 3752 l
571 3699 625 3755 Sed
645 3699 729 3756 simili
748 3701 830 3756 modo
849 3716 1001 3756 conversae
1020 3700 1243 3755 enumerationes
1261 3701 1321 3753 aliis
1337 3712 1397 3767 quo

277 3803 331 3858 que
349 3789 424 3858 apud
443 3785 621 3854 Cornificium
639 3787 709 3842 locis
733 3785 808 3842 haud
832 3787 953 3842 iterare
976 3787 1120 3857 leguntur:
1149 3785 1185 3840 ci.
1206 3786 1228 3851 l,
1251 3789 1290 3852 16,
1304 3788 1342 3838 2³.
1359 3785 1395 3834 tl.

278 3871 322 3926 Eo
345 3871 474 3928 diuiditur
496 3873 524 3927 in
549 3873 766 3928 necessitudinem
783 3875 929 3942 sortrmnm
953 3872 1174 3942 imprudentiorem
1206 3877 1272 3926 tuuc
1294 3871 1396 3941 primum

277 3961 346 4016 dicit
364 3962 398 4016 dc
416 3960 638 4025 necessitudine,
664 3955 766 4014 deinde
785 3961 819 4014 de
839 3959 1040 4030 imprudentia,
1061 3964 1203 4026 postremo
1227 3959 1262 4012 de
1286 3957 1393 4012 iortnnm

277 4047 302 4108 4,
317 4049 358 4110 41,
375 4049 407 4098 53
425 4065 478 4100 nora
495 4047 552 4100 siue
569 4045 688 4098 anonimo
710 4045 863 4100 occultandi
883 4050 908 4098 et
930 4045 1094 4116 perficiundi
1108 4062 1169 4114 spe,
1190 4044 1244 4098 nbi
1265 4045 1395 4110 exspectes

273 4135 348 4202 pers.
369 4139 394 4186 ct
411 4151 463 4187 occ.
488 4133 554 4198 (vid.
574 4131 730 4202 Kayserum
748 4132 786 4188 ad
805 4131 832 4186 h.
853 4133 894 4196 1.).

345 4219 365 4285 ²)
390 4219 432 4274 Ex
450 4219 573 4287 optimae
591 4223 674 4274 uotae
693 4217 774 4273 codd.
794 4217 839 4286 hp
850 4237 883 4282 π,
907 4233 968 4272 cum
988 4217 1044 4272 siut
1062 4217 1090 4271 iu
1108 4215 1189 4274 initio
1207 4214 1339 4277 lacunosi,
1356 4223 1394 4266 ree

277 4303 423 4359 diiudicari
442 4303 548 4375 nequiit.
