2998 4896
531 1101 694 1171 LIBER
722 1101 1027 1172 POS'I'ERIOR.

733 1379 753 1458 ς
780 1376 830 1442 19.

297 1519 452 1599 Quoniam
474 1517 627 1584 babemus
649 1523 804 1602 quantum
822 1540 861 1583 ex
883 1516 1000 1584 Suidae
1023 1519 1124 1585 lexico
1148 1541 1218 1584 cum
1240 1520 1360 1586 codici-

208 1627 267 1692 bus
286 1625 525 1710 Aristophaneis
548 1630 730 1708 comparato
754 1623 796 1689 ad
817 1625 916 1689 trium
939 1645 1018 1708 quas
1040 1626 1246 1691 tractauimus
1265 1625 1361 1692 fabu-

207 1734 310 1799 larum
328 1738 509 1798 contextum
526 1731 757 1797 emendandum
775 1731 955 1796 redundare
969 1732 1078 1816 possit,
1097 1753 1180 1797 nunc
1193 1732 1361 1797 uideamus

209 1859 290 1922 quae
313 1837 411 1903 fuerit
433 1838 664 1904 scholiorum
686 1839 773 1922 apud
796 1837 926 1904 Suidam
948 1838 1094 1904 uersibus
1117 1839 1362 1923 Aristophaneis

209 1946 440 2029 adscriptorum
458 1945 548 2030 origo
563 1951 777 2031 quantumque
791 1945 972 2028 discrepent
990 1944 1031 2012 ab
1049 1947 1099 2023 iis,
1117 1967 1198 2040 quac
1216 1948 1250 2011 in
1268 1947 1360 2012 codi-

209 2052 311 2130 cibus,
343 2075 381 2118 er
412 2050 527 2137 quibus
559 2051 687 2137 quidem
719 2051 839 2118 scholia
866 2051 1087 2130 innotuerunt,
1118 2053 1362 2137 Aristophaueis

208 2159 426 2226 adsemantur.

297 2266 345 2330 De
368 2270 513 2330 ueterum
536 2269 644 2330 autom
669 2265 702 2329 in
724 2263 971 2349 Aristophanem
998 2264 1189 2332 scholiorum
1216 2263 1361 2332 lontibus

208 2372 334 2456 egregie
357 2371 515 2456 quaesiuit
538 2371 574 2436 0.
597 2370 821 2438 Schneiderns:
849 2372 876 2437 is
899 2372 1094 2454 argumentis
1115 2370 1251 2438 maxime
1273 2393 1361 2437 ccm-

208 2485 321 2556 motus,
347 2499 429 2561 quae
456 2479 573 2563 petiuit
600 2501 639 2544 ex
666 2478 761 2544 schol.
789 2477 981 2543 Plut.103l
1012 2475 1049 2542 ἐν
1075 2476 1111 2544 δὲ
1134 2485 1183 2564 τῷ
1207 2471 1360 2566 ὑπομνή-

109 2589 111 2594 ’
207 2607 285 2669 ματι
309 2573 428 2662 οὕτως,
451 2582 548 2650 schol.
572 2583 644 2650 Pac.
669 2584 731 2649 757
757 2575 866 2660 οὕτως
890 2572 991 2669 εὗρον
1015 2581 1051 2648 ἐν
1075 2576 1298 2672 ὑπομνήματι,
1326 2594 1362 2652 et

209 2713 248 2756 ex
270 2689 468 2775 Eustathii1)
492 2690 574 2755 loco:
601 2681 641 2754 τὸ
667 2690 874 2775 δὲτχαὶρετον
899 2682 1101 2776 ἀρχαιοτάτη
1120 2683 1234 2778 φιλικὴ
1252 2711 1360 2778 προσ-

209 2793 372 2883 φώνησις,
405 2791 653 2880 ἐπιστολιμαῑός
683 2819 719 2860 τε
748 2797 804 2861 καὶ
833 2791 977 2882 ἑτεροῖα,
1005 2788 1052 2874 ὥς
1079 2798 1136 2862 καὶ
1164 2789 1182 2862 ὁ
1210 2790 1361 2882 κωμικὸς

159 2981 161 2986 Ι
208 2905 265 2968 καὶ
298 2895 316 2968 ὃ
349 2895 427 2968 κατ’
459 2895 565 2968 αὐτὸν
597 2893 893 2989 ὑπομνηματισμὸς
926 2902 963 2968 ἐν
994 2910 1044 2987 τῷ
1076 2899 1221 2989 Πλούτῳ
1254 2906 1361 2991 δηλοῖ,

207 3031 306 3074 unum
327 3009 424 3075 brisso
447 3011 707 3078 commentarium
728 3010 932 3094 praecipuum
960 3009 1151 3076 scholiorum
1177 3015 1362 3078 nostrorum

209 3116 337 3194 fontem,
355 3117 443 3181 ouius
462 3121 622 3182 auctorem
644 3114 865 3201 Symmachum
884 3136 952 3182 esse
970 3115 1050 3192 uult,
1072 3135 1207 3202 eumque
1222 3120 1361 3184 uetusti-

209 3243 299 3289 orum
322 3223 450 3305 quidem
472 3223 662 3289 scholiorum
684 3223 811 3288 unicum
835 3222 955 3288 iontem
978 3243 1046 3288 esse
1065 3225 1258 3306 argumentis
1281 3248 1360 3309 pro-

208 3329 287 3394 bare
309 3333 439 3394 conatus
462 3335 511 3394 est
533 3329 617 3415 (pag.
635 3329 681 3416 9).
727 3329 771 3394 At
793 3349 887 3414 quam
905 3327 1030 3394 infirma
1048 3335 1161 3408 essent,
1184 3352 1265 3416 quac
1281 3354 1359 3416 pro-

208 3435 285 3501 tulit
307 3435 358 3499 uir
381 3435 580 3502 doctissimus
603 3437 643 3501 ad
667 3435 890 3502 stabiliendam
913 3455 1002 3502 suam
1020 3439 1219 3516 sententiam,
1236 3440 1360 3523 primus

209 3542 317 3608 docuit
338 3540 522 3608 Dindorfius
548 3542 581 3606 in
606 3535 769 3608 Addendis
794 3545 836 3608 ad
859 3543 1050 3610 scholiorum
1074 3543 1136 3608 uol.
1159 3543 1175 3606 Ι
1197 3564 1268 3628 pag.
1291 3543 1359 3610 388

209 3670 290 3732 sqq„
321 3669 395 3714 mox
422 3645 607 3713 Schneideri
641 3650 830 3714 sententiam
863 3648 1018 3714 refutauit
1049 3648 1085 3714 Ο.
1114 3647 1297 3716 Gerhardus
1324 3652 1360 3716 in

208 3754 309 3820 libelli
328 3775 423 3837 quem
440 3755 481 3820 de
500 3755 685 3820 Aristarcho
704 3753 927 3838 Aristophanis
946 3757 1119 3838 interprete
1137 3757 1216 3821 scite
1234 3762 1266 3821 et
1285 3757 1360 3822 dili-

208 3867 321 3945 genter
338 3861 465 3945 scripsit
484 3861 628 3946 (Bcnnae
646 3861 746 3947 1850)
765 3862 869 3944 capite
888 3864 1005 3946 primo;
1029 3861 1056 3926 is
1074 3855 1116 3926 τὰ
1135 3854 1359 3949 ὑπομνήματα

112 3997 116 4004 ·
209 3968 260 4032 uel
275 3963 348 4033 ἔνια
361 3974 432 4066 τῶν
446 3958 707 4053 ὑπομνημάτων,
726 3988 808 4051 quae
821 3967 937 4052 plurali
951 3989 1081 4034 numero
1099 3969 1238 4034 citantur
1247 3970 1284 4053 ¹),
1302 3969 1360 4035 de-

210 4075 399 4140 monstrauit
422 4073 649 4140 Schneiderum
673 4072 752 4140 falso
776 4076 1006 4141 existimauissc
1029 4076 1140 4141 cadem
1167 4097 1249 4151 esse,
1276 4099 1361 4159 quae

283 4237 302 4297 ¹)
321 4235 358 4289 sd
376 4235 407 4288 ll.
427 4249 471 4303 pg.
493 4233 570 4298 1483,
589 4235 632 4289 32.

281 4324 302 4388 ²)
321 4322 406 4378 schol.
431 4323 514 4390 Vcsp.
539 4321 591 4376 542
616 4323 680 4388 962,
704 4326 757 4378 Au.
783 4324 851 4380 1075
874 4324 927 4378 284
950 4324 1002 4380 557
1025 4323 1078 4378 282
1102 4323 1171 4378 1242
1194 4323 1265 4378 Plut.
1289 4325 1358 4392 385;

209 4411 244 4468 ol.
264 4411 389 4468 Diodori.
408 4409 534 4467 Addend.
555 4427 599 4482 pg.
619 4412 707 4467 3890.
