3006 4892
577 354 792 416 ..69-

120 540 337 627 Μὸαὼ

621 646 664 724 ΙΙ,
690 646 752 710 998

160 756 353 834 quapropter
373 749 484 814 merito
506 757 681 813 maternam
704 769 815 813 nomen
837 750 984 832 adoptarat
1011 751 1065 834 (so.
1083 755 1208 836 natura)

119 860 214 937 atque
593 851 631 932 V,
660 853 732 915 795.
760 855 779 916 6

274 955 437 1040 linquitur,
462 963 499 1019 at
522 955 634 1019 numito
655 963 832 1018 maternam
852 977 964 1020 nemea
985 957 1102 1040 adepta

274 1067 360 1123 terra
381 1057 433 1136 sit,
459 1080 475 1121 e
499 1065 585 1122 terra
608 1057 752 1143 quonam
774 1065 1101 1124 antecameram

118 1183 157 1228 ex
181 1163 220 1242 V,
247 1165 304 1228 82¹
332 1181 402 1245 sqq.
530 1241 537 1255 Ι

227 1287 323 1351 quare
345 1265 439 1329 ettam
460 1273 553 1349 atque
576 1264 670 1329 ettam
692 1273 867 1329 maternam
888 1285 997 1330 manea
1019 1267 1136 1350 adopta

228 1378 313 1434 terro
337 1377 418 1434 waiet
439 1367 561 1448 merito,
586 1367 733 1452 quoniam
752 1389 849 1453 penas
870 1367 941 1452 apsa
963 1370 1082 1434 meavit

124 1530 128 1537 .
226 1472 395 1536 damnum
414 1521 421 1534 .
442 1521 449 1536 .
472 1521 478 1535 .

121 1572 265 1660 repetitis
287 1594 343 1659 pg.
369 1575 409 1638 30
433 1593 482 1657 sq.
508 1571 670 1639 adnotavi.
694 1610 737 1620 -

207 1779 364 1859 Quoniam
388 1798 443 1846 eos
464 1799 577 1846 versus
600 1778 805 1862 absolvimus,
831 1799 910 1864 quos
927 1779 1056 1865 saepius
1071 1781 1104 1847 in
1118 1783 1259 1851 Lucretii

119 1882 315 1949 carminibus
336 1881 487 1967 repetitos
509 1883 657 1966 legimus,
684 1902 768 1949 nuno
792 1903 864 1948 oum
885 1882 927 1948 ad
951 1903 1006 1950 eos
1026 1885 1166 1951 animum
1182 1906 1258 1952 eou-

119 1993 252 2067 vertam,
286 1986 340 2069 qui
362 2005 425 2051 non
449 1985 587 2072 amplius
609 1986 709 2060 semel
732 1985 837 2051 iterati
861 1994 945 2066 suut,
971 1987 1026 2052 vix
1048 1987 1214 2073 quisquam
1238 2011 1261 2056 a

120 2111 170 2157 me
193 2088 379 2175 postulabit,
404 2095 440 2154 ut
461 2088 494 2154 in
517 2087 564 2155 eis
587 2087 814 2154 enumerandis
834 2095 954 2154 eertum
970 2087 1113 2156 ordinem
1129 2111 1257 2175 sequar,

121 2193 233 2275 Neque
256 2190 341 2257 enim
364 2191 480 2256 multos
503 2191 590 2256 locos
612 2189 755 2271 afferam,
781 2189 836 2273 qui
858 2210 898 2256 eu
920 2209 985 2256 una
1006 2191 1182 2276 eademque
1205 2196 1259 2261 vel

120 2295 217 2362 simili
246 2314 345 2360 eausa
373 2293 556 2378 interpolati
579 2291 765 2359 videantur:
796 2292 893 2358 immo
920 2292 952 2358 in
983 2294 1130 2379 plurimis
1153 2297 1260 2363 seelu-

121 2398 236 2466 dendis
260 2398 370 2483 plures
393 2415 511 2463 causae
534 2396 652 2463 valent.

206 2501 337 2566 Initium
367 2508 473 2567 autem
505 2499 623 2565 faoiam
651 2500 691 2566 ab
721 2519 760 2566 eo
780 2500 870 2581 loeo,
903 2518 996 2583 quem
1020 2501 1075 2568 diu
1098 2501 1260 2570 haesitavi

119 2615 223 2672 utrum
248 2603 361 2670 editori
385 2624 428 2669 au
450 2602 658 2686 grammatico
680 2603 807 2670 darem:

594 2706 619 2788 1,
649 2708 785 2772 146-8.

118 2811 180 2890 Qui
204 2829 317 2877 versus
341 2829 413 2877 oum
436 2809 501 2876 sint
522 2810 647 2896 repetiti
671 2831 712 2877 ex
733 2817 895 2895 postrema
917 2818 1009 2896 parte
1031 2831 1180 2879 versuum
1201 2815 1257 2899 VI,

120 2917 260 2996 35-42,
288 2913 342 2997 qui
365 2913 461 2979 etiam
484 2913 518 2978 iu
534 2913 695 2998 prooemio
711 2912 843 2979 seouudi
860 2921 893 2980 et
907 2913 992 2980 tertii
1008 2915 1080 2980 libri
1097 2916 1257 3000 leguntur,

119 3025 152 3083 ut
167 3016 262 3082 nobis
286 3015 388 3081 visum
413 3023 475 3094 est,
499 3016 540 3080 ab
563 3014 684 3082 editore
699 3013 810 3098 additi,
836 3015 933 3083 facile
955 3016 1135 3102 intelleges,
1163 3038 1260 3101 quam

119 3127 248 3203 gratum
271 3117 412 3184 futurum
436 3117 532 3183 fuerit
553 3117 638 3183 bane
666 3138 792 3202 quoque
814 3117 1015 3184 iterationem
1038 3118 1086 3184 illi
1109 3120 1261 3190 tribuere.

118 3221 213 3301 Quod
242 3239 283 3287 ue
305 3220 455 3304 iacerem,
482 3240 547 3286 una
569 3239 667 3286 eausa
689 3220 845 3286 adductus
860 3239 942 3302 sum,
961 3243 1058 3305 quam
1079 3223 1165 3290 iufra
1187 3247 1260 3311 pro-

118 3345 251 3410 ponam.
298 3323 391 3388 Nune
419 3322 556 3408 primum
585 3322 809 3390 demonstrabo
838 3343 894 3390 eos
924 3344 1035 3391 versus
1064 3347 1085 3392 a
1114 3328 1263 3396 Lucretio

118 3427 258 3513 scriptos
280 3445 343 3491 non
367 3445 452 3492 esse.

206 3528 315 3596 Verba
348 3528 434 3594 enim
464 3527 545 3592 tnnc
583 3537 733 3593 terrorem
762 3552 836 3594 aton
864 3531 978 3595 radii
1003 3533 1105 3599 solia
1134 3557 1264 3621 aeque

120 3633 259 3696 lueida
290 3632 372 3696 telo
395 3630 482 3694 diei
502 3631 672 3696 discutiant
693 3655 814 3696 necesse
836 3642 883 3697 eet
904 3635 1032 3703 omnino
1054 3657 1120 3702 nou
1143 3637 1264 3705 habent

119 3755 182 3818 quo
206 3742 365 3819 spectent,
391 3733 454 3800 uisi
475 3733 672 3818 praecedunt
694 3736 793 3802 verba
815 3737 913 3802 veluti
927 3739 1027 3822 paesi
1048 3741 1207 3825 trepidant
1229 3744 1262 3807 in

120 3838 267 3916 tenebris,
294 3838 339 3902 aie
353 3860 409 3901 uos
431 3837 470 3901 ia
493 3837 578 3902 luce
605 3838 665 3920 [bei
681 3838 876 3923 Tageslioht)
898 3841 1040 3908 timemus
1058 3851 1130 3924 etc,
1156 3865 1262 3930 neque

119 3946 258 4025 possunt
280 3939 350 4006 sine
372 3939 437 4005 illis
463 3939 630 4025 compositi
652 3959 736 4008 esse.
784 3942 891 4020 Quare
920 3944 946 4010 si
970 3945 1109 4013 Lucretii
1138 3957 1260 4034 esseut,

119 4045 171 4110 hio
199 4045 242 4112 ab
269 4063 307 4110 eo
335 4043 447 4110 inserti
469 4051 590 4125 essent,
614 4052 782 4129 postquam
805 4047 858 4128 VI,
890 4050 1016 4114 35—42
1040 4051 1152 4136 scripti
1174 4059 1260 4120 suut.

119 4147 214 4226 Quod
237 4155 270 4214 et
292 4167 351 4232 per
372 4167 408 4213 se
430 4147 497 4214 veri
520 4147 676 4215 dissimile
704 4155 770 4230 est,
796 4170 901 4233 neque
924 4152 1062 4222 Lucretii
1092 4163 1142 4221 est
1165 4173 1264 4222 sonos

118 4258 245 4317 tantum
274 4249 466 4335 profundere
497 4251 587 4316 nulla
615 4270 729 4318 sensus
755 4253 879 4320 ratione
908 4254 1030 4322 habita.
1078 4256 1142 4323 Sed
1165 4257 1264 4324 facile
