<?xml version="1.0" encoding="UTF-8"?>
<!DOCTYPE html PUBLIC "-//W3C//DTD XHTML 1.0 Transitional//EN"
    "http://www.w3.org/TR/xhtml1/DTD/xhtml1-transitional.dtd">
<html xmlns="http://www.w3.org/1999/xhtml" xml:lang="en" lang="en">
 <head>
  <title>
</title>
<meta http-equiv="Content-Type" content="text/html;charset=utf-8" />
  <meta name='ocr-system' content='tesseract 3.04.00' />
  <meta name='ocr-capabilities' content='ocr_page ocr_carea ocr_par ocr_line ocrx_word'/>
</head>
<body>
  <div class='ocr_page' id='page_1' title='image "./dissertationesp02unkngoog/dissertationesp02unkngoog_0146.png"; bbox 0 0 3010 4896; ppageno 0'>
   <div class='ocr_carea' id='block_1_1' title="bbox 500 305 1205 390">
    <p class='ocr_par' dir='ltr' id='par_1_1' title="bbox 500 305 1205 390">
     <span class='ocr_line' id='line_1_1' title="bbox 500 305 1205 390; baseline -0.02 -18"><span class='ocrx_word' id='word_1_1' title='bbox 500 343 542 352; x_wconf 93' lang='lat'><em>-</em></span> <span class='ocrx_word' id='word_1_2' title='bbox 590 305 685 390; x_wconf 72' lang='grc' dir='ltr'><strong><em>[ιιι]</em></strong></span> <span class='ocrx_word' id='word_1_3' title='bbox 735 343 774 353; x_wconf 85' lang='grc'>-</span> <span class='ocrx_word' id='word_1_4' title='bbox 1165 305 1205 368; x_wconf 83' lang='lat'>41</span> 
     </span>
    </p>
   </div>
   <div class='ocr_carea' id='block_1_2' title="bbox 82 477 1233 4116">
    <p class='ocr_par' dir='ltr' id='par_1_2' title="bbox 82 477 1233 3146">
     <span class='ocr_line' id='line_1_2' title="bbox 88 477 1209 586; baseline 0.003 -22"><span class='ocrx_word' id='word_1_5' title='bbox 88 477 191 584; x_wconf 72' lang='grc' dir='ltr'><strong><em>θέρους</em></strong></span> <span class='ocrx_word' id='word_1_6' title='bbox 213 501 269 563; x_wconf 80' lang='grc' dir='ltr'>καὶ</span> <span class='ocrx_word' id='word_1_7' title='bbox 287 504 349 562; x_wconf 86' lang='grc' dir='ltr'>τοῦ</span> <span class='ocrx_word' id='word_1_8' title='bbox 369 499 463 562; x_wconf 85' lang='grc' dir='ltr'><strong><em>σι’του</em></strong></span> <span class='ocrx_word' id='word_1_9' title='bbox 482 491 690 585; x_wconf 75' lang='grc' dir='ltr'><em>ἀκμάζοντος</em></span> <span class='ocrx_word' id='word_1_10' title='bbox 709 500 794 567; x_wconf 86' lang='lat' dir='ltr'>facte</span> <span class='ocrx_word' id='word_1_11' title='bbox 812 508 869 579; x_wconf 86' lang='lat' dir='ltr'>est,</span> <span class='ocrx_word' id='word_1_12' title='bbox 892 499 973 566; x_wconf 88' lang='lat' dir='ltr'>libro</span> <span class='ocrx_word' id='word_1_13' title='bbox 997 499 1209 586; x_wconf 72' lang='lat' dir='ltr'>quinto&#39;Thu-</span> 
     </span>
     <span class='ocr_line' id='line_1_3' title="bbox 86 606 1210 691; baseline 0.004 -22"><span class='ocrx_word' id='word_1_14' title='bbox 86 607 194 690; x_wconf 79' lang='lat' dir='ltr'>qdides</span> <span class='ocrx_word' id='word_1_15' title='bbox 216 606 342 671; x_wconf 90' lang='lat' dir='ltr'>initium</span> <span class='ocrx_word' id='word_1_16' title='bbox 365 606 484 688; x_wconf 88' lang='lat' dir='ltr'>cepisse</span> <span class='ocrx_word' id='word_1_17' title='bbox 507 613 676 685; x_wconf 79' lang='lat' dir='ltr'>statueret,</span> <span class='ocrx_word' id='word_1_18' title='bbox 699 631 761 691; x_wconf 94' lang='lat' dir='ltr'>quo</span> <span class='ocrx_word' id='word_1_19' title='bbox 785 629 877 673; x_wconf 88' lang='lat' dir='ltr'>sensu</span> <span class='ocrx_word' id='word_1_20' title='bbox 906 615 974 674; x_wconf 90' lang='lat' dir='ltr'>tum</span> <span class='ocrx_word' id='word_1_21' title='bbox 996 609 1092 674; x_wconf 83' lang='lat' dir='ltr'>verba</span> <span class='ocrx_word' id='word_1_22' title='bbox 1118 631 1143 674; x_wconf 88' lang='lat' dir='ltr'>c</span> <span class='ocrx_word' id='word_1_23' title='bbox 1166 610 1210 674; x_wconf 81' lang='lat'>20</span> 
     </span>
     <span class='ocr_line' id='line_1_4' title="bbox 85 705 1211 796; baseline 0.005 -20"><span class='ocrx_word' id='word_1_24' title='bbox 85 712 250 795; x_wconf 81' lang='lat' dir='ltr'>accipienda</span> <span class='ocrx_word' id='word_1_25' title='bbox 269 733 335 777; x_wconf 91' lang='lat' dir='ltr'>esse</span> <span class='ocrx_word' id='word_1_26' title='bbox 353 713 553 796; x_wconf 87' lang='lat' dir='ltr'>putabimus?</span> <span class='ocrx_word' id='word_1_27' title='bbox 580 715 703 780; x_wconf 90' lang='lat' dir='ltr'>Bellum</span> <span class='ocrx_word' id='word_1_28' title='bbox 718 715 800 780; x_wconf 90' lang='lat' dir='ltr'>onim</span> <span class='ocrx_word' id='word_1_29' title='bbox 814 716 1069 782; x_wconf 80' lang='lat' dir='ltr'>Archidamieum</span> <span class='ocrx_word' id='word_1_30' title='bbox 1080 705 1211 782; x_wconf 82' lang='lat' dir='ltr'>minime</span> 
     </span>
     <span class='ocr_line' id='line_1_5' title="bbox 86 819 1210 909; baseline 0.004 -25"><span class='ocrx_word' id='word_1_31' title='bbox 86 819 180 885; x_wconf 85' lang='lat' dir='ltr'>luisset</span> <span class='ocrx_word' id='word_1_32' title='bbox 198 841 255 903; x_wconf 92' lang='lat' dir='ltr'>per</span> <span class='ocrx_word' id='word_1_33' title='bbox 273 820 381 885; x_wconf 88' lang='lat' dir='ltr'>decem</span> <span class='ocrx_word' id='word_1_34' title='bbox 399 841 498 886; x_wconf 88' lang='lat' dir='ltr'>annos</span> <span class='ocrx_word' id='word_1_35' title='bbox 513 823 748 907; x_wconf 79' lang='lat' dir='ltr'>compluresque</span> <span class='ocrx_word' id='word_1_36' title='bbox 763 823 844 888; x_wconf 89' lang='lat' dir='ltr'>dies:</span> <span class='ocrx_word' id='word_1_37' title='bbox 863 823 895 888; x_wconf 93' lang='lat' dir='ltr'>id</span> <span class='ocrx_word' id='word_1_38' title='bbox 914 824 999 906; x_wconf 92' lang='lat' dir='ltr'>quod</span> <span class='ocrx_word' id='word_1_39' title='bbox 1013 823 1210 909; x_wconf 84' lang='lat' dir='ltr'>Thucydides</span> 
     </span>
     <span class='ocr_line' id='line_1_6' title="bbox 85 922 1211 1018; baseline 0.006 -29"><span class='ocrx_word' id='word_1_40' title='bbox 85 927 140 1008; x_wconf 90' lang='lat' dir='ltr'>ipse</span> <span class='ocrx_word' id='word_1_41' title='bbox 161 924 305 992; x_wconf 74' lang='lat' dir='ltr'>adfirmat.</span> <span class='ocrx_word' id='word_1_42' title='bbox 351 927 463 1011; x_wconf 87' lang='lat' dir='ltr'>ltaque</span> <span class='ocrx_word' id='word_1_43' title='bbox 486 931 583 996; x_wconf 83' lang='lat' dir='ltr'>verba</span> <span class='ocrx_word' id='word_1_44' title='bbox 605 923 625 1018; x_wconf 80' lang='grc' dir='ltr'><em>ἡ</em></span> <span class='ocrx_word' id='word_1_45' title='bbox 649 922 731 1017; x_wconf 77' lang='grc' dir='ltr'><strong><em>ἀρχὴ</em></strong></span> <span class='ocrx_word' id='word_1_46' title='bbox 749 938 813 995; x_wconf 86' lang='grc' dir='ltr'>τοῦ</span> <span class='ocrx_word' id='word_1_47' title='bbox 830 929 980 1014; x_wconf 80' lang='grc' dir='ltr'><strong><em>πολέμου</em></strong></span> <span class='ocrx_word' id='word_1_48' title='bbox 1003 932 1044 995; x_wconf 89' lang='lat' dir='ltr'>ad</span> <span class='ocrx_word' id='word_1_49' title='bbox 1067 951 1118 996; x_wconf 90' lang='lat' dir='ltr'>res</span> <span class='ocrx_word' id='word_1_50' title='bbox 1141 930 1211 996; x_wconf 89' lang='lat' dir='ltr'>illas</span> 
     </span>
     <span class='ocr_line' id='line_1_7' title="bbox 86 1033 1211 1122; baseline 0.005 -26"><span class='ocrx_word' id='word_1_51' title='bbox 86 1033 225 1099; x_wconf 84' lang='lat' dir='ltr'>l&#39;lataieas</span> <span class='ocrx_word' id='word_1_52' title='bbox 244 1041 389 1117; x_wconf 85' lang='lat' dir='ltr'>spectare</span> <span class='ocrx_word' id='word_1_53' title='bbox 407 1044 548 1120; x_wconf 86' lang='lat' dir='ltr'>apparet.</span> <span class='ocrx_word' id='word_1_54' title='bbox 585 1037 653 1114; x_wconf 84' lang='lat' dir='ltr'>Quo</span> <span class='ocrx_word' id='word_1_55' title='bbox 671 1033 772 1118; x_wconf 85' lang='lat' dir='ltr'>magis</span> <span class='ocrx_word' id='word_1_56' title='bbox 789 1037 978 1114; x_wconf 88' lang='lat' dir='ltr'>mirandum,</span> <span class='ocrx_word' id='word_1_57' title='bbox 991 1039 1073 1120; x_wconf 92' lang='lat' dir='ltr'>quod</span> <span class='ocrx_word' id='word_1_58' title='bbox 1089 1037 1211 1122; x_wconf 88' lang='lat' dir='ltr'>Thucy·</span> 
     </span>
     <span class='ocr_line' id='line_1_8' title="bbox 85 1133 1210 1231; baseline 0.01 -32"><span class='ocrx_word' id='word_1_59' title='bbox 85 1141 160 1204; x_wconf 64' lang='lat' dir='ltr'>clides</span> <span class='ocrx_word' id='word_1_60' title='bbox 178 1141 255 1206; x_wconf 86' lang='lat' dir='ltr'>dicit</span> <span class='ocrx_word' id='word_1_61' title='bbox 276 1133 297 1227; x_wconf 82' lang='grc' dir='ltr'><em>ἢ</em></span> <span class='ocrx_word' id='word_1_62' title='bbox 317 1133 363 1218; x_wconf 74' lang='grc' dir='ltr'>ὡς</span> <span class='ocrx_word' id='word_1_63' title='bbox 381 1134 420 1208; x_wconf 79' lang='grc' dir='ltr'>τὸ</span> <span class='ocrx_word' id='word_1_64' title='bbox 439 1150 579 1230; x_wconf 78' lang='grc' dir='ltr'><strong><em>πρῶτον</em></strong></span> <span class='ocrx_word' id='word_1_65' title='bbox 596 1137 617 1231; x_wconf 79' lang='grc' dir='ltr'><em>ἢ</em></span> <span class='ocrx_word' id='word_1_66' title='bbox 636 1135 754 1230; x_wconf 69' lang='grc' dir='ltr'><strong><em>ἐσβολὴ</em></strong></span> <span class='ocrx_word' id='word_1_67' title='bbox 773 1137 793 1231; x_wconf 86' lang='grc' dir='ltr'><em>ἡ</em></span> <span class='ocrx_word' id='word_1_68' title='bbox 813 1143 846 1222; x_wconf 75' lang='grc' dir='ltr'>ἐς</span> <span class='ocrx_word' id='word_1_69' title='bbox 865 1135 927 1231; x_wconf 86' lang='grc' dir='ltr'>τὴν</span> <span class='ocrx_word' id='word_1_70' title='bbox 949 1135 1098 1230; x_wconf 73' lang='grc' dir='ltr'><strong><em>Ἀττικὴν</em></strong></span> <span class='ocrx_word' id='word_1_71' title='bbox 1116 1146 1173 1210; x_wconf 81' lang='grc' dir='ltr'>καὶ</span> <span class='ocrx_word' id='word_1_72' title='bbox 1190 1137 1210 1230; x_wconf 83' lang='grc' dir='ltr'><strong><em>ἡ</em></strong></span> 
     </span>
     <span class='ocr_line' id='line_1_9' title="bbox 85 1239 1212 1336; baseline 0.006 -27"><span class='ocrx_word' id='word_1_73' title='bbox 85 1239 153 1333; x_wconf 68' lang='grc' dir='ltr'><strong><em>(ἔρχι)</em></strong></span> <span class='ocrx_word' id='word_1_74' title='bbox 179 1255 241 1312; x_wconf 82' lang='grc' dir='ltr'>τοῦ</span> <span class='ocrx_word' id='word_1_75' title='bbox 268 1248 418 1333; x_wconf 75' lang='grc' dir='ltr'><strong><em>πολέμου</em></strong></span> <span class='ocrx_word' id='word_1_76' title='bbox 445 1251 545 1316; x_wconf 83' lang='grc' dir='ltr'><strong><em>τοῦδε</em></strong></span> <span class='ocrx_word' id='word_1_77' title='bbox 573 1249 714 1335; x_wconf 74' lang='grc' dir='ltr'><strong><em>ἐγένετο.</em></strong></span> <span class='ocrx_word' id='word_1_78' title='bbox 766 1253 871 1335; x_wconf 83' lang='lat' dir='ltr'>Atque</span> <span class='ocrx_word' id='word_1_79' title='bbox 899 1257 1003 1328; x_wconf 87' lang='lat' dir='ltr'>crant,</span> <span class='ocrx_word' id='word_1_80' title='bbox 1035 1252 1088 1336; x_wconf 90' lang='lat' dir='ltr'>qui</span> <span class='ocrx_word' id='word_1_81' title='bbox 1115 1251 1212 1317; x_wconf 84' lang='lat' dir='ltr'>rerba</span> 
     </span>
     <span class='ocr_line' id='line_1_10' title="bbox 84 1347 1212 1444; baseline 0.005 -26"><span class='ocrx_word' id='word_1_82' title='bbox 84 1348 271 1440; x_wconf 81' lang='grc' dir='ltr'><strong><em>τὸπρῶτον</em></strong></span> <span class='ocrx_word' id='word_1_83' title='bbox 294 1347 314 1440; x_wconf 81' lang='grc' dir='ltr'><strong><em>ἡ</em></strong></span> <span class='ocrx_word' id='word_1_84' title='bbox 334 1347 452 1442; x_wconf 73' lang='grc' dir='ltr'><strong><em>ἐσβολὴ</em></strong></span> <span class='ocrx_word' id='word_1_85' title='bbox 476 1349 496 1443; x_wconf 86' lang='grc' dir='ltr'><em>ἡ</em></span> <span class='ocrx_word' id='word_1_86' title='bbox 520 1355 553 1434; x_wconf 78' lang='grc' dir='ltr'>ἐς</span> <span class='ocrx_word' id='word_1_87' title='bbox 575 1350 638 1444; x_wconf 79' lang='grc' dir='ltr'>τὴν</span> <span class='ocrx_word' id='word_1_88' title='bbox 661 1349 809 1444; x_wconf 76' lang='grc' dir='ltr'><strong><em>Ἀττικὴν</em></strong></span> <span class='ocrx_word' id='word_1_89' title='bbox 833 1360 890 1422; x_wconf 84' lang='grc' dir='ltr'>καὶ</span> <span class='ocrx_word' id='word_1_90' title='bbox 913 1360 1132 1442; x_wconf 76' lang='lat' dir='ltr'>interpolatori</span> <span class='ocrx_word' id='word_1_91' title='bbox 1155 1361 1212 1424; x_wconf 89' lang='lat' dir='ltr'>tri-</span> 
     </span>
     <span class='ocr_line' id='line_1_11' title="bbox 84 1461 1213 1550; baseline 0.004 -25"><span class='ocrx_word' id='word_1_92' title='bbox 84 1461 194 1527; x_wconf 78' lang='lat' dir='ltr'>lruenda</span> <span class='ocrx_word' id='word_1_93' title='bbox 217 1483 285 1527; x_wconf 87' lang='lat' dir='ltr'>esse</span> <span class='ocrx_word' id='word_1_94' title='bbox 314 1467 525 1550; x_wconf 75' lang='lat' dir='ltr'>censerent31)</span> <span class='ocrx_word' id='word_1_95' title='bbox 554 1463 668 1549; x_wconf 91' lang='lat' dir='ltr'>quibus</span> <span class='ocrx_word' id='word_1_96' title='bbox 692 1463 796 1530; x_wconf 86' lang='lat' dir='ltr'>verbis</span> <span class='ocrx_word' id='word_1_97' title='bbox 824 1465 936 1531; x_wconf 91' lang='lat' dir='ltr'>deletis</span> <span class='ocrx_word' id='word_1_98' title='bbox 963 1467 1069 1530; x_wconf 89' lang='lat' dir='ltr'>omnia</span> <span class='ocrx_word' id='word_1_99' title='bbox 1095 1466 1213 1549; x_wconf 89' lang='lat' dir='ltr'>optime</span> 
     </span>
     <span class='ocr_line' id='line_1_12' title="bbox 83 1569 1212 1656; baseline 0.007 -26"><span class='ocrx_word' id='word_1_100' title='bbox 83 1569 225 1650; x_wconf 80' lang='lat' dir='ltr'>‹piedrare</span> <span class='ocrx_word' id='word_1_101' title='bbox 249 1569 480 1635; x_wconf 85' lang='lat' dir='ltr'>intellexerunt.</span> <span class='ocrx_word' id='word_1_102' title='bbox 521 1573 671 1636; x_wconf 81' lang='lat' dir='ltr'>Attamen</span> <span class='ocrx_word' id='word_1_103' title='bbox 695 1571 924 1656; x_wconf 81' lang='lat' dir='ltr'>interpretandi</span> <span class='ocrx_word' id='word_1_104' title='bbox 947 1574 1004 1637; x_wconf 91' lang='lat' dir='ltr'>illa</span> <span class='ocrx_word' id='word_1_105' title='bbox 1022 1573 1118 1638; x_wconf 87' lang='lat' dir='ltr'>verbe</span> <span class='ocrx_word' id='word_1_106' title='bbox 1136 1574 1212 1638; x_wconf 87' lang='lat' dir='ltr'>sim-</span> 
     </span>
     <span class='ocr_line' id='line_1_13' title="bbox 84 1677 1211 1762; baseline 0.005 -24"><span class='ocrx_word' id='word_1_107' title='bbox 84 1677 230 1758; x_wconf 87' lang='lat' dir='ltr'>pliciorem</span> <span class='ocrx_word' id='word_1_108' title='bbox 244 1678 327 1741; x_wconf 77' lang='lat' dir='ltr'>viam</span> <span class='ocrx_word' id='word_1_109' title='bbox 346 1685 455 1760; x_wconf 89' lang='lat' dir='ltr'>patere</span> <span class='ocrx_word' id='word_1_110' title='bbox 472 1683 559 1762; x_wconf 90' lang='lat' dir='ltr'>puto.</span> <span class='ocrx_word' id='word_1_111' title='bbox 592 1677 746 1744; x_wconf 85' lang='lat' dir='ltr'>Secuntur</span> <span class='ocrx_word' id='word_1_112' title='bbox 761 1679 845 1743; x_wconf 89' lang='lat' dir='ltr'>enim</span> <span class='ocrx_word' id='word_1_113' title='bbox 859 1679 1007 1744; x_wconf 89' lang='lat' dir='ltr'>continuo</span> <span class='ocrx_word' id='word_1_114' title='bbox 1022 1679 1113 1744; x_wconf 88' lang='lat' dir='ltr'>hacc:</span> <span class='ocrx_word' id='word_1_115' title='bbox 1133 1697 1211 1745; x_wconf 86' lang='grc' dir='ltr'><strong><em>σκο-</em></strong></span> 
     </span>
     <span class='ocr_line' id='line_1_14' title="bbox 83 1774 1212 1873; baseline 0.004 -27"><span class='ocrx_word' id='word_1_116' title='bbox 83 1785 177 1849; x_wconf 71' lang='grc' dir='ltr'><strong><em>πείτω</em></strong></span> <span class='ocrx_word' id='word_1_117' title='bbox 195 1783 232 1848; x_wconf 78' lang='grc' dir='ltr'>δέ</span> <span class='ocrx_word' id='word_1_118' title='bbox 250 1806 300 1860; x_wconf 85' lang='grc' dir='ltr'>τις</span> <span class='ocrx_word' id='word_1_119' title='bbox 317 1774 404 1847; x_wconf 82' lang='grc' dir='ltr'><strong><em>κατὰ</em></strong></span> <span class='ocrx_word' id='word_1_120' title='bbox 422 1777 502 1861; x_wconf 84' lang='grc' dir='ltr'>τούς</span> <span class='ocrx_word' id='word_1_121' title='bbox 523 1780 667 1871; x_wconf 88' lang='grc' dir='ltr'><strong><em>χρόνους</em></strong></span> <span class='ocrx_word' id='word_1_122' title='bbox 690 1836 698 1848; x_wconf 89' lang='grc'><strong>.</strong></span> <span class='ocrx_word' id='word_1_123' title='bbox 719 1837 725 1849; x_wconf 93' lang='grc'>.</span> <span class='ocrx_word' id='word_1_124' title='bbox 747 1837 753 1850; x_wconf 92' lang='grc'><strong>.</strong></span> <span class='ocrx_word' id='word_1_125' title='bbox 774 1837 781 1849; x_wconf 94' lang='grc'><strong>.</strong></span> <span class='ocrx_word' id='word_1_126' title='bbox 805 1779 891 1850; x_wconf 83' lang='grc' dir='ltr'><strong><em>κατὰ</em></strong></span> <span class='ocrx_word' id='word_1_127' title='bbox 910 1785 995 1873; x_wconf 81' lang='grc' dir='ltr'><strong><em>θέρη</em></strong></span> <span class='ocrx_word' id='word_1_128' title='bbox 1017 1788 1074 1850; x_wconf 84' lang='grc' dir='ltr'>καὶ</span> <span class='ocrx_word' id='word_1_129' title='bbox 1094 1793 1212 1870; x_wconf 79' lang='grc' dir='ltr'><strong><em>χειμῶ-</em></strong></span> 
     </span>
     <span class='ocr_line' id='line_1_15' title="bbox 84 1880 1214 1978; baseline 0.004 -26"><span class='ocrx_word' id='word_1_130' title='bbox 84 1913 134 1966; x_wconf 86' lang='grc' dir='ltr'>νας</span> <span class='ocrx_word' id='word_1_131' title='bbox 151 1883 315 1975; x_wconf 76' lang='grc' dir='ltr'>ἀριθμῶν,</span> <span class='ocrx_word' id='word_1_132' title='bbox 335 1880 448 1976; x_wconf 78' lang='grc' dir='ltr'><strong><em>ὥσπερ</em></strong></span> <span class='ocrx_word' id='word_1_133' title='bbox 467 1890 657 1976; x_wconf 82' lang='grc' dir='ltr'><strong><em>γέγραπται,</em></strong></span> <span class='ocrx_word' id='word_1_134' title='bbox 677 1884 817 1978; x_wconf 80' lang='grc' dir='ltr'><strong><em>εὑρήσει,</em></strong></span> <span class='ocrx_word' id='word_1_135' title='bbox 836 1889 872 1972; x_wconf 76' lang='grc' dir='ltr'>ἐξ</span> <span class='ocrx_word' id='word_1_136' title='bbox 888 1883 1036 1977; x_wconf 73' lang='grc' dir='ltr'><strong><em>ἡμισείας</em></strong></span> <span class='ocrx_word' id='word_1_137' title='bbox 1054 1887 1214 1977; x_wconf 73' lang='grc' dir='ltr'><strong><em>ἑκατέρου</em></strong></span> 
     </span>
     <span class='ocr_line' id='line_1_16' title="bbox 84 1990 1210 2085; baseline 0.004 -25"><span class='ocrx_word' id='word_1_138' title='bbox 84 2005 135 2062; x_wconf 82' lang='grc' dir='ltr'>τοῦ</span> <span class='ocrx_word' id='word_1_139' title='bbox 157 1996 314 2062; x_wconf 73' lang='grc' dir='ltr'><strong><em>ἐνιαυτοῦ</em></strong></span> <span class='ocrx_word' id='word_1_140' title='bbox 336 1990 398 2083; x_wconf 82' lang='grc' dir='ltr'>τὴν</span> <span class='ocrx_word' id='word_1_141' title='bbox 423 1993 564 2082; x_wconf 82' lang='grc' dir='ltr'><strong><em>δύναμιν</em></strong></span> <span class='ocrx_word' id='word_1_142' title='bbox 588 1995 732 2082; x_wconf 76' lang='grc' dir='ltr'><strong><em>ἔχοντος,</em></strong></span> <span class='ocrx_word' id='word_1_143' title='bbox 757 1997 837 2064; x_wconf 80' lang='grc' dir='ltr'><strong><em>δέκα</em></strong></span> <span class='ocrx_word' id='word_1_144' title='bbox 859 1998 920 2082; x_wconf 77' lang='grc' dir='ltr'>μὲν</span> <span class='ocrx_word' id='word_1_145' title='bbox 940 1996 1034 2085; x_wconf 84' lang='grc' dir='ltr'><strong><em>θέρη,</em></strong></span> <span class='ocrx_word' id='word_1_146' title='bbox 1058 1999 1151 2076; x_wconf 75' lang='grc' dir='ltr'><strong><em>ἴσους</em></strong></span> <span class='ocrx_word' id='word_1_147' title='bbox 1175 2000 1210 2065; x_wconf 76' lang='grc' dir='ltr'>δὲ</span> 
     </span>
     <span class='ocr_line' id='line_1_17' title="bbox 82 2098 1214 2192; baseline 0.001 -23"><span class='ocrx_word' id='word_1_148' title='bbox 82 2113 231 2189; x_wconf 80' lang='grc' dir='ltr'><strong><em>χειμῶνας</em></strong></span> <span class='ocrx_word' id='word_1_149' title='bbox 253 2111 303 2190; x_wconf 78' lang='grc' dir='ltr'>τῷ</span> <span class='ocrx_word' id='word_1_150' title='bbox 326 2098 453 2189; x_wconf 80' lang='grc' dir='ltr'><strong><em>πρώτῳ</em></strong></span> <span class='ocrx_word' id='word_1_151' title='bbox 476 2103 613 2189; x_wconf 76' lang='grc' dir='ltr'><strong><em>πολέμῳ</em></strong></span> <span class='ocrx_word' id='word_1_152' title='bbox 632 2105 719 2190; x_wconf 79' lang='grc' dir='ltr'><strong><em>τῷδε</em></strong></span> <span class='ocrx_word' id='word_1_153' title='bbox 743 2106 988 2192; x_wconf 78' lang='grc' dir='ltr'><strong><em>γεγενημένους.</em></strong></span> <span class='ocrx_word' id='word_1_154' title='bbox 1036 2106 1214 2172; x_wconf 84' lang='lat' dir='ltr'>Clarissime</span> 
     </span>
     <span class='ocr_line' id='line_1_18' title="bbox 84 2211 1233 2295; baseline 0.002 -21"><span class='ocrx_word' id='word_1_155' title='bbox 84 2213 190 2277; x_wconf 88' lang='lat' dir='ltr'>indicat</span> <span class='ocrx_word' id='word_1_156' title='bbox 212 2213 412 2295; x_wconf 86' lang='lat' dir='ltr'>Thucydides</span> <span class='ocrx_word' id='word_1_157' title='bbox 439 2211 523 2277; x_wconf 89' lang='lat' dir='ltr'>illius</span> <span class='ocrx_word' id='word_1_158' title='bbox 550 2212 626 2278; x_wconf 92' lang='lat' dir='ltr'>belli</span> <span class='ocrx_word' id='word_1_159' title='bbox 649 2212 861 2278; x_wconf 80' lang='lat' dir='ltr'>Arclridamici</span> <span class='ocrx_word' id='word_1_160' title='bbox 891 2215 998 2278; x_wconf 89' lang='lat' dir='ltr'>decem</span> <span class='ocrx_word' id='word_1_161' title='bbox 1026 2232 1125 2278; x_wconf 87' lang='lat' dir='ltr'>annos</span> <span class='ocrx_word' id='word_1_162' title='bbox 1152 2217 1233 2278; x_wconf 80' lang='lat' dir='ltr'>nen‘</span> 
     </span>
     <span class='ocr_line' id='line_1_19' title="bbox 84 2318 1215 2405; baseline 0.001 -23"><span class='ocrx_word' id='word_1_163' title='bbox 84 2325 142 2384; x_wconf 86' lang='lat' dir='ltr'>tam</span> <span class='ocrx_word' id='word_1_164' title='bbox 166 2341 185 2384; x_wconf 87' lang='lat' dir='ltr'>a</span> <span class='ocrx_word' id='word_1_165' title='bbox 211 2325 297 2385; x_wconf 91' lang='lat' dir='ltr'>certo</span> <span class='ocrx_word' id='word_1_166' title='bbox 326 2320 377 2384; x_wconf 89' lang='lat' dir='ltr'>die</span> <span class='ocrx_word' id='word_1_167' title='bbox 399 2320 517 2405; x_wconf 88' lang='lat' dir='ltr'>(neque</span> <span class='ocrx_word' id='word_1_168' title='bbox 540 2320 580 2385; x_wconf 88' lang='lat' dir='ltr'>ab</span> <span class='ocrx_word' id='word_1_169' title='bbox 604 2319 728 2384; x_wconf 87' lang='lat' dir='ltr'>insidiis</span> <span class='ocrx_word' id='word_1_170' title='bbox 750 2319 889 2385; x_wconf 87' lang='lat' dir='ltr'>Plataeis</span> <span class='ocrx_word' id='word_1_171' title='bbox 916 2318 1043 2384; x_wconf 88' lang='lat' dir='ltr'>structis</span> <span class='ocrx_word' id='word_1_172' title='bbox 1070 2339 1215 2403; x_wconf 83' lang='lat' dir='ltr'>nequeo</span> 
     </span>
     <span class='ocr_line' id='line_1_20' title="bbox 84 2425 1215 2512; baseline 0.004 -27"><span class='ocrx_word' id='word_1_173' title='bbox 84 2428 176 2508; x_wconf 77' lang='lat' dir='ltr'>prium</span> <span class='ocrx_word' id='word_1_174' title='bbox 201 2429 232 2491; x_wconf 92' lang='lat' dir='ltr'>in</span> <span class='ocrx_word' id='word_1_175' title='bbox 258 2427 395 2492; x_wconf 73' lang='lat' dir='ltr'>Atticam</span> <span class='ocrx_word' id='word_1_176' title='bbox 418 2427 607 2512; x_wconf 86' lang='lat' dir='ltr'>irruptione)</span> <span class='ocrx_word' id='word_1_177' title='bbox 631 2448 726 2509; x_wconf 88' lang='lat' dir='ltr'>quam</span> <span class='ocrx_word' id='word_1_178' title='bbox 749 2426 791 2490; x_wconf 89' lang='lat' dir='ltr'>ab</span> <span class='ocrx_word' id='word_1_179' title='bbox 818 2426 909 2492; x_wconf 88' lang='lat' dir='ltr'>initio</span> <span class='ocrx_word' id='word_1_180' title='bbox 936 2427 1057 2509; x_wconf 83' lang='lat' dir='ltr'>primae</span> <span class='ocrx_word' id='word_1_181' title='bbox 1084 2425 1215 2490; x_wconf 86' lang='lat' dir='ltr'>aestatis</span> 
     </span>
     <span class='ocr_line' id='line_1_21' title="bbox 83 2531 1215 2617; baseline 0.002 -22"><span class='ocrx_word' id='word_1_182' title='bbox 83 2540 254 2598; x_wconf 83' lang='lat' dir='ltr'>numeratos</span> <span class='ocrx_word' id='word_1_183' title='bbox 282 2554 358 2599; x_wconf 88' lang='lat' dir='ltr'>esse.</span> <span class='ocrx_word' id='word_1_184' title='bbox 410 2532 489 2598; x_wconf 83' lang='lat' dir='ltr'>Cum</span> <span class='ocrx_word' id='word_1_185' title='bbox 520 2555 578 2617; x_wconf 89' lang='lat' dir='ltr'>per</span> <span class='ocrx_word' id='word_1_186' title='bbox 605 2535 714 2598; x_wconf 90' lang='lat' dir='ltr'>decem</span> <span class='ocrx_word' id='word_1_187' title='bbox 746 2554 845 2598; x_wconf 87' lang='lat' dir='ltr'>annos</span> <span class='ocrx_word' id='word_1_188' title='bbox 878 2532 1115 2616; x_wconf 82' lang='lat' dir='ltr'>compluresque</span> <span class='ocrx_word' id='word_1_189' title='bbox 1148 2531 1215 2597; x_wconf 90' lang='lat' dir='ltr'>dies</span> 
     </span>
     <span class='ocr_line' id='line_1_22' title="bbox 84 2638 1216 2725; baseline 0 -21"><span class='ocrx_word' id='word_1_190' title='bbox 84 2638 189 2704; x_wconf 85' lang='lat' dir='ltr'>bellum</span> <span class='ocrx_word' id='word_1_191' title='bbox 208 2642 304 2706; x_wconf 87' lang='lat' dir='ltr'>fuisse</span> <span class='ocrx_word' id='word_1_192' title='bbox 322 2640 408 2716; x_wconf 89' lang='lat' dir='ltr'>dicit,</span> <span class='ocrx_word' id='word_1_193' title='bbox 430 2643 496 2725; x_wconf 92' lang='lat' dir='ltr'>ipse</span> <span class='ocrx_word' id='word_1_194' title='bbox 515 2642 692 2705; x_wconf 83' lang='lat' dir='ltr'>numeravit</span> <span class='ocrx_word' id='word_1_195' title='bbox 710 2661 730 2706; x_wconf 87' lang='lat' dir='ltr'>e</span> <span class='ocrx_word' id='word_1_196' title='bbox 747 2640 886 2704; x_wconf 87' lang='lat' dir='ltr'>Plataeis</span> <span class='ocrx_word' id='word_1_197' title='bbox 905 2641 1074 2724; x_wconf 85' lang='lat' dir='ltr'>oppressis:</span> <span class='ocrx_word' id='word_1_198' title='bbox 1097 2639 1216 2704; x_wconf 87' lang='lat' dir='ltr'>diserte</span> 
     </span>
     <span class='ocr_line' id='line_1_23' title="bbox 84 2744 1216 2832; baseline 0.003 -24"><span class='ocrx_word' id='word_1_199' title='bbox 84 2753 178 2812; x_wconf 84' lang='lat' dir='ltr'>tamen</span> <span class='ocrx_word' id='word_1_200' title='bbox 196 2748 403 2832; x_wconf 85' lang='lat' dir='ltr'>irruptionem</span> <span class='ocrx_word' id='word_1_201' title='bbox 421 2748 507 2811; x_wconf 88' lang='lat' dir='ltr'>illam</span> <span class='ocrx_word' id='word_1_202' title='bbox 522 2747 842 2814; x_wconf 80' lang='lat' dir='ltr'>Lacedaemoniorum</span> <span class='ocrx_word' id='word_1_203' title='bbox 860 2753 897 2811; x_wconf 92' lang='lat' dir='ltr'>ut</span> <span class='ocrx_word' id='word_1_204' title='bbox 915 2748 1133 2831; x_wconf 79' lang='lat' dir='ltr'>gravissimum</span> <span class='ocrx_word' id='word_1_205' title='bbox 1151 2744 1216 2811; x_wconf 85' lang='lat' dir='ltr'>fao·</span> 
     </span>
     <span class='ocr_line' id='line_1_24' title="bbox 85 2853 1217 2940; baseline 0.002 -23"><span class='ocrx_word' id='word_1_206' title='bbox 85 2863 143 2917; x_wconf 86' lang='lat' dir='ltr'>tum</span> <span class='ocrx_word' id='word_1_207' title='bbox 165 2856 256 2936; x_wconf 84' lang='lat' dir='ltr'>primi</span> <span class='ocrx_word' id='word_1_208' title='bbox 279 2855 354 2920; x_wconf 87' lang='lat' dir='ltr'>anni</span> <span class='ocrx_word' id='word_1_209' title='bbox 377 2861 612 2931; x_wconf 83' lang='lat' dir='ltr'>commemorat3</span> <span class='ocrx_word' id='word_1_210' title='bbox 636 2875 699 2937; x_wconf 93' lang='lat' dir='ltr'>quo</span> <span class='ocrx_word' id='word_1_211' title='bbox 723 2861 966 2920; x_wconf 89' lang='lat' dir='ltr'>commemorato</span> <span class='ocrx_word' id='word_1_212' title='bbox 990 2853 1130 2940; x_wconf 87' lang='lat' dir='ltr'>quemvis</span> <span class='ocrx_word' id='word_1_213' title='bbox 1152 2853 1217 2919; x_wconf 90' lang='lat' dir='ltr'>leo-</span> 
     </span>
     <span class='ocr_line' id='line_1_25' title="bbox 85 2961 1218 3046; baseline 0.005 -26"><span class='ocrx_word' id='word_1_214' title='bbox 85 2966 175 3024; x_wconf 85' lang='lat' dir='ltr'>torem</span> <span class='ocrx_word' id='word_1_215' title='bbox 192 2981 308 3026; x_wconf 87' lang='lat' dir='ltr'>anuum</span> <span class='ocrx_word' id='word_1_216' title='bbox 327 2961 450 3026; x_wconf 85' lang='lat' dir='ltr'>facilius</span> <span class='ocrx_word' id='word_1_217' title='bbox 468 2962 669 3028; x_wconf 84' lang='lat' dir='ltr'>inventurum</span> <span class='ocrx_word' id='word_1_218' title='bbox 686 2964 819 3046; x_wconf 85' lang='lat' dir='ltr'>putavit</span> <span class='ocrx_word' id='word_1_219' title='bbox 845 2961 935 3028; x_wconf 92' lang='lat' dir='ltr'>Licet</span> <span class='ocrx_word' id='word_1_220' title='bbox 953 2961 1052 3046; x_wconf 84' lang='lat' dir='ltr'>igitur</span> <span class='ocrx_word' id='word_1_221' title='bbox 1069 2965 1218 3026; x_wconf 82' lang='lat' dir='ltr'>accuratu</span> 
     </span>
     <span class='ocr_line' id='line_1_26' title="bbox 85 3065 759 3146; baseline 0.006 -18"><span class='ocrx_word' id='word_1_222' title='bbox 85 3065 197 3132; x_wconf 88' lang='lat' dir='ltr'>dicendi</span> <span class='ocrx_word' id='word_1_223' title='bbox 221 3067 304 3134; x_wconf 91' lang='lat' dir='ltr'>ratio</span> <span class='ocrx_word' id='word_1_224' title='bbox 328 3090 389 3132; x_wconf 91' lang='lat' dir='ltr'>non</span> <span class='ocrx_word' id='word_1_225' title='bbox 413 3070 467 3146; x_wconf 88' lang='lat' dir='ltr'>sit,</span> <span class='ocrx_word' id='word_1_226' title='bbox 490 3069 622 3134; x_wconf 88' lang='lat' dir='ltr'>ferenda</span> <span class='ocrx_word' id='word_1_227' title='bbox 644 3075 759 3134; x_wconf 81' lang='lat' dir='ltr'>tamen</span> 
     </span>
    </p>

    <p class='ocr_par' dir='ltr' id='par_1_3' title="bbox 84 3173 1221 4116">
     <span class='ocr_line' id='line_1_27' title="bbox 164 3173 1217 3260; baseline 0 -22"><span class='ocrx_word' id='word_1_228' title='bbox 164 3173 316 3252; x_wconf 85' lang='lat' dir='ltr'>Quoniam</span> <span class='ocrx_word' id='word_1_229' title='bbox 335 3176 374 3240; x_wconf 91' lang='lat' dir='ltr'>de</span> <span class='ocrx_word' id='word_1_230' title='bbox 392 3175 484 3241; x_wconf 90' lang='lat' dir='ltr'>initio</span> <span class='ocrx_word' id='word_1_231' title='bbox 506 3175 583 3241; x_wconf 89' lang='lat' dir='ltr'>belli</span> <span class='ocrx_word' id='word_1_232' title='bbox 603 3175 727 3240; x_wconf 82' lang='lat' dir='ltr'>diversa</span> <span class='ocrx_word' id='word_1_233' title='bbox 745 3175 937 3260; x_wconf 78' lang='lat' dir='ltr'>Thucydidis</span> <span class='ocrx_word' id='word_1_234' title='bbox 956 3173 1137 3241; x_wconf 87' lang='lat' dir='ltr'>testimonia</span> <span class='ocrx_word' id='word_1_235' title='bbox 1154 3195 1217 3240; x_wconf 92' lang='lat' dir='ltr'>non</span> 
     </span>
     <span class='ocr_line' id='line_1_28' title="bbox 84 3279 1219 3365; baseline 0.004 -22"><span class='ocrx_word' id='word_1_236' title='bbox 84 3287 207 3358; x_wconf 77' lang='lat' dir='ltr'>exstant,</span> <span class='ocrx_word' id='word_1_237' title='bbox 230 3284 293 3346; x_wconf 88' lang='lat' dir='ltr'>iam</span> <span class='ocrx_word' id='word_1_238' title='bbox 312 3284 353 3348; x_wconf 86' lang='lat' dir='ltr'>ad</span> <span class='ocrx_word' id='word_1_239' title='bbox 376 3282 451 3347; x_wconf 88' lang='lat' dir='ltr'>belli</span> <span class='ocrx_word' id='word_1_240' title='bbox 469 3282 603 3349; x_wconf 89' lang='lat' dir='ltr'>confecti</span> <span class='ocrx_word' id='word_1_241' title='bbox 625 3288 749 3365; x_wconf 86' lang='lat' dir='ltr'>tempus</span> <span class='ocrx_word' id='word_1_242' title='bbox 773 3281 1000 3347; x_wconf 88' lang='lat' dir='ltr'>transeundum</span> <span class='ocrx_word' id='word_1_243' title='bbox 1019 3286 1075 3346; x_wconf 88' lang='lat' dir='ltr'>est.</span> <span class='ocrx_word' id='word_1_244' title='bbox 1113 3279 1219 3364; x_wconf 86' lang='lat' dir='ltr'>Atque</span> 
     </span>
     <span class='ocr_line' id='line_1_29' title="bbox 84 3379 1219 3474; baseline 0.004 -25"><span class='ocrx_word' id='word_1_245' title='bbox 84 3387 206 3469; x_wconf 81' lang='lat' dir='ltr'>legimus</span> <span class='ocrx_word' id='word_1_246' title='bbox 229 3391 308 3455; x_wconf 86' lang='lat' dir='ltr'>haec</span> <span class='ocrx_word' id='word_1_247' title='bbox 325 3389 362 3467; x_wconf 89' lang='lat' dir='ltr'>V,</span> <span class='ocrx_word' id='word_1_248' title='bbox 381 3387 438 3453; x_wconf 81' lang='lat'>26:</span> <span class='ocrx_word' id='word_1_249' title='bbox 461 3388 604 3474; x_wconf 80' lang='grc' dir='ltr'><strong><em>γέγραφε</em></strong></span> <span class='ocrx_word' id='word_1_250' title='bbox 629 3387 664 3453; x_wconf 78' lang='lat' dir='ltr'>dl</span> <span class='ocrx_word' id='word_1_251' title='bbox 688 3389 744 3453; x_wconf 80' lang='grc' dir='ltr'>καὶ</span> <span class='ocrx_word' id='word_1_252' title='bbox 767 3397 873 3454; x_wconf 84' lang='grc' dir='ltr'><strong><em>ταῦτα</em></strong></span> <span class='ocrx_word' id='word_1_253' title='bbox 893 3381 911 3454; x_wconf 84' lang='grc' dir='ltr'><em>ὃ</em></span> <span class='ocrx_word' id='word_1_254' title='bbox 932 3379 1033 3465; x_wconf 77' lang='grc' dir='ltr'><strong><em>αὐτὸς</em></strong></span> <span class='ocrx_word' id='word_1_255' title='bbox 1055 3389 1219 3454; x_wconf 68' lang='lat' dir='ltr'>&amp;euxodi-</span> 
     </span>
     <span class='ocr_line' id='line_1_30' title="bbox 85 3487 1220 3582; baseline 0.004 -26"><span class='ocrx_word' id='word_1_256' title='bbox 85 3495 135 3578; x_wconf 79' lang='grc' dir='ltr'>ὁης</span> <span class='ocrx_word' id='word_1_257' title='bbox 154 3547 160 3560; x_wconf 90' lang='grc'><strong>.</strong></span> <span class='ocrx_word' id='word_1_258' title='bbox 176 3549 182 3560; x_wconf 95' lang='grc'><em>.</em></span> <span class='ocrx_word' id='word_1_259' title='bbox 198 3549 204 3562; x_wconf 89' lang='grc'>.</span> <span class='ocrx_word' id='word_1_260' title='bbox 220 3548 238 3576; x_wconf 87' lang='grc'>.,</span> <span class='ocrx_word' id='word_1_261' title='bbox 262 3489 309 3572; x_wconf 75' lang='grc' dir='ltr'>ὡς</span> <span class='ocrx_word' id='word_1_262' title='bbox 331 3492 454 3561; x_wconf 72' lang='grc' dir='ltr'><strong><em>ἕκαστα</em></strong></span> <span class='ocrx_word' id='word_1_263' title='bbox 478 3490 619 3579; x_wconf 76' lang='grc' dir='ltr'><strong><em>ἐγένετο,</em></strong></span> <span class='ocrx_word' id='word_1_264' title='bbox 643 3487 729 3560; x_wconf 84' lang='grc' dir='ltr'><strong><em>κατὰ</em></strong></span> <span class='ocrx_word' id='word_1_265' title='bbox 747 3491 833 3582; x_wconf 81' lang='grc' dir='ltr'><strong><em>θέρη</em></strong></span> <span class='ocrx_word' id='word_1_266' title='bbox 852 3496 909 3559; x_wconf 85' lang='grc' dir='ltr'>καὶ</span> <span class='ocrx_word' id='word_1_267' title='bbox 929 3500 1102 3579; x_wconf 81' lang='grc' dir='ltr'><strong><em>χειμῶνας,</em></strong></span> <span class='ocrx_word' id='word_1_268' title='bbox 1125 3489 1220 3580; x_wconf 81' lang='grc' dir='ltr'><strong><em>μέχρι</em></strong></span> 
     </span>
     <span class='ocr_line' id='line_1_31' title="bbox 85 3590 1220 3690; baseline 0.004 -28"><span class='ocrx_word' id='word_1_269' title='bbox 85 3590 120 3662; x_wconf 78' lang='lat' dir='ltr'>oi·</span> <span class='ocrx_word' id='word_1_270' title='bbox 142 3599 201 3688; x_wconf 82' lang='grc' dir='ltr'>τήν</span> <span class='ocrx_word' id='word_1_271' title='bbox 223 3627 256 3667; x_wconf 76' lang='grc' dir='ltr'>τε</span> <span class='ocrx_word' id='word_1_272' title='bbox 287 3593 390 3689; x_wconf 75' lang='grc' dir='ltr'><strong><em>ἀρχὴν</em></strong></span> <span class='ocrx_word' id='word_1_273' title='bbox 413 3600 629 3668; x_wconf 82' lang='grc' dir='ltr'><strong><em>κατέπαυσαν</em></strong></span> <span class='ocrx_word' id='word_1_274' title='bbox 651 3610 723 3667; x_wconf 77' lang='grc' dir='ltr'>τῶν</span> <span class='ocrx_word' id='word_1_275' title='bbox 747 3594 934 3690; x_wconf 70' lang='grc' dir='ltr'><strong><em>Ἀθηναίων</em></strong></span> <span class='ocrx_word' id='word_1_276' title='bbox 958 3597 1220 3683; x_wconf 79' lang='grc' dir='ltr'><strong><em>Λακεδαιμόνιοι</em></strong></span> 
     </span>
     <span class='ocr_line' id='line_1_32' title="bbox 84 3700 1219 3795; baseline 0.004 -28"><span class='ocrx_word' id='word_1_277' title='bbox 84 3709 133 3770; x_wconf 82' lang='grc' dir='ltr'>καὶ</span> <span class='ocrx_word' id='word_1_278' title='bbox 157 3707 187 3772; x_wconf 76' lang='grc' dir='ltr'>οἱ</span> <span class='ocrx_word' id='word_1_279' title='bbox 210 3706 370 3795; x_wconf 77' lang='grc' dir='ltr'><strong><em>ξύμμαχοι</em></strong></span> <span class='ocrx_word' id='word_1_280' title='bbox 392 3710 447 3773; x_wconf 82' lang='grc' dir='ltr'>καὶ</span> <span class='ocrx_word' id='word_1_281' title='bbox 475 3702 516 3773; x_wconf 82' lang='grc' dir='ltr'>τὰ</span> <span class='ocrx_word' id='word_1_282' title='bbox 538 3702 649 3795; x_wconf 79' lang='grc' dir='ltr'><strong><em>μακρὰ</em></strong></span> <span class='ocrx_word' id='word_1_283' title='bbox 676 3711 766 3795; x_wconf 73' lang='grc' dir='ltr'><strong><em>τείχη</em></strong></span> <span class='ocrx_word' id='word_1_284' title='bbox 790 3709 846 3774; x_wconf 85' lang='grc' dir='ltr'>καὶ</span> <span class='ocrx_word' id='word_1_285' title='bbox 873 3700 935 3772; x_wconf 83' lang='grc' dir='ltr'>τὸν</span> <span class='ocrx_word' id='word_1_286' title='bbox 959 3709 1099 3790; x_wconf 83' lang='grc' dir='ltr'><strong><em>Πειραιᾶ</em></strong></span> <span class='ocrx_word' id='word_1_287' title='bbox 1122 3705 1219 3772; x_wconf 78' lang='grc' dir='ltr'><strong><em>κατέ-</em></strong></span> 
     </span>
     <span class='ocr_line' id='line_1_33' title="bbox 86 3806 1220 3902; baseline 0.004 -27"><span class='ocrx_word' id='word_1_288' title='bbox 86 3816 192 3890; x_wconf 59' lang='grc' dir='ltr'><strong><em>λαβον·</em></strong></span> <span class='ocrx_word' id='word_1_289' title='bbox 212 3812 268 3902; x_wconf 78' lang='grc' dir='ltr'>ἔτη</span> <span class='ocrx_word' id='word_1_290' title='bbox 288 3815 322 3880; x_wconf 73' lang='grc' dir='ltr'>δὲ</span> <span class='ocrx_word' id='word_1_291' title='bbox 343 3813 376 3893; x_wconf 74' lang='grc' dir='ltr'>ἐς</span> <span class='ocrx_word' id='word_1_292' title='bbox 393 3821 496 3881; x_wconf 82' lang='grc' dir='ltr'><strong><em>τοῦτο</em></strong></span> <span class='ocrx_word' id='word_1_293' title='bbox 511 3808 552 3881; x_wconf 87' lang='grc' dir='ltr'>τὰ</span> <span class='ocrx_word' id='word_1_294' title='bbox 573 3812 748 3901; x_wconf 78' lang='grc' dir='ltr'><strong><em>ξύμπαντα</em></strong></span> <span class='ocrx_word' id='word_1_295' title='bbox 767 3812 899 3901; x_wconf 76' lang='grc' dir='ltr'><strong><em>ἐγένετο</em></strong></span> <span class='ocrx_word' id='word_1_296' title='bbox 914 3821 963 3898; x_wconf 81' lang='grc' dir='ltr'>τῷ</span> <span class='ocrx_word' id='word_1_297' title='bbox 977 3808 1114 3897; x_wconf 76' lang='grc' dir='ltr'><strong><em>πολέμῳ</em></strong></span> <span class='ocrx_word' id='word_1_298' title='bbox 1135 3806 1220 3879; x_wconf 75' lang='grc' dir='ltr'><strong><em>ἑπτὰ</em></strong></span> 
     </span>
     <span class='ocr_line' id='line_1_34' title="bbox 85 3913 1220 4009; baseline 0.006 -30"><span class='ocrx_word' id='word_1_299' title='bbox 85 3921 135 3983; x_wconf 79' lang='grc' dir='ltr'>καὶ</span> <span class='ocrx_word' id='word_1_300' title='bbox 149 3921 260 4002; x_wconf 77' lang='grc' dir='ltr'><strong><em>εἴκοσι,</em></strong></span> <span class='ocrx_word' id='word_1_301' title='bbox 274 3927 307 3988; x_wconf 90' lang='lat' dir='ltr'>et</span> <span class='ocrx_word' id='word_1_302' title='bbox 324 3921 430 4008; x_wconf 93' lang='lat' dir='ltr'>paullo</span> <span class='ocrx_word' id='word_1_303' title='bbox 450 3922 545 3988; x_wconf 84' lang='lat' dir='ltr'>infre:</span> <span class='ocrx_word' id='word_1_304' title='bbox 566 3914 696 4009; x_wconf 77' lang='grc' dir='ltr'><strong><em>εὑρήσει</em></strong></span> <span class='ocrx_word' id='word_1_305' title='bbox 709 3945 759 4000; x_wconf 87' lang='grc' dir='ltr'>τις</span> <span class='ocrx_word' id='word_1_306' title='bbox 773 3928 921 3988; x_wconf 88' lang='grc' dir='ltr'><strong><em>τοσαῦτα</em></strong></span> <span class='ocrx_word' id='word_1_307' title='bbox 936 3915 992 4006; x_wconf 83' lang='grc' dir='ltr'>ἔτη</span> <span class='ocrx_word' id='word_1_308' title='bbox 1007 3913 1220 4003; x_wconf 74' lang='grc' dir='ltr'><strong><em>λογιζόμενος</em></strong></span> 
     </span>
     <span class='ocr_line' id='line_1_35' title="bbox 85 4019 1221 4116; baseline 0.004 -30"><span class='ocrx_word' id='word_1_309' title='bbox 85 4019 164 4092; x_wconf 81' lang='grc' dir='ltr'><strong><em>κατὰ</em></strong></span> <span class='ocrx_word' id='word_1_310' title='bbox 178 4023 254 4107; x_wconf 77' lang='grc' dir='ltr'><strong><em>τοὺς</em></strong></span> <span class='ocrx_word' id='word_1_311' title='bbox 271 4025 414 4116; x_wconf 84' lang='grc' dir='ltr'><strong><em>χρόνους</em></strong></span> <span class='ocrx_word' id='word_1_312' title='bbox 431 4031 489 4095; x_wconf 84' lang='grc' dir='ltr'>καὶ</span> <span class='ocrx_word' id='word_1_313' title='bbox 506 4021 629 4115; x_wconf 79' lang='grc' dir='ltr'><strong><em>ἡμέρας</em></strong></span> <span class='ocrx_word' id='word_1_314' title='bbox 644 4022 685 4094; x_wconf 80' lang='grc' dir='ltr'>οὐ</span> <span class='ocrx_word' id='word_1_315' title='bbox 703 4021 831 4107; x_wconf 76' lang='grc' dir='ltr'><strong><em>πολλὰς</em></strong></span> <span class='ocrx_word' id='word_1_316' title='bbox 849 4019 1129 4111; x_wconf 81' lang='grc' dir='ltr'><strong><em>παρενεγκούσας.</em></strong></span> <span class='ocrx_word' id='word_1_317' title='bbox 1159 4026 1221 4090; x_wconf 91' lang='lat' dir='ltr'>Per</span> 
     </span>
    </p>
   </div>
   <div class='ocr_carea' id='block_1_3' title="bbox 112 4191 285 4202">
    <p class='ocr_par' dir='ltr' id='par_1_4' title="bbox 112 4191 285 4202">
     <span class='ocr_line' id='line_1_36' title="bbox 112 4191 285 4202; baseline -0.017 3"><span class='ocrx_word' id='word_1_318' title='bbox 112 4191 285 4202; x_wconf 70' lang='lat'>&#39;&#39;⁴———---.</span> 
     </span>
    </p>
   </div>
   <div class='ocr_carea' id='block_1_4' title="bbox 86 4271 1220 4442">
    <p class='ocr_par' dir='ltr' id='par_1_5' title="bbox 86 4271 1220 4442">
     <span class='ocr_line' id='line_1_37' title="bbox 170 4271 1220 4349; baseline -0.01 -14"><span class='ocrx_word' id='word_1_319' title='bbox 170 4282 186 4346; x_wconf 51' lang='lat'>¹3·</span> <span class='ocrx_word' id='word_1_320' title='bbox 204 4281 235 4334; x_wconf 86' lang='grc' dir='ltr'>Ε.</span> <span class='ocrx_word' id='word_1_321' title='bbox 254 4280 289 4334; x_wconf 89' lang='grc' dir='ltr'>Η.</span> <span class='ocrx_word' id='word_1_322' title='bbox 310 4279 340 4334; x_wconf 90' lang='grc'>0.</span> <span class='ocrx_word' id='word_1_323' title='bbox 360 4279 479 4336; x_wconf 86' lang='lat' dir='ltr'>Mueller</span> <span class='ocrx_word' id='word_1_324' title='bbox 507 4281 541 4335; x_wconf 90' lang='lat' dir='ltr'>de</span> <span class='ocrx_word' id='word_1_325' title='bbox 569 4285 706 4348; x_wconf 86' lang='lat' dir='ltr'>tempore,</span> <span class='ocrx_word' id='word_1_326' title='bbox 740 4295 793 4349; x_wconf 94' lang='lat' dir='ltr'>quo</span> <span class='ocrx_word' id='word_1_327' title='bbox 826 4275 931 4332; x_wconf 89' lang='lat' dir='ltr'>bellum</span> <span class='ocrx_word' id='word_1_328' title='bbox 958 4271 1220 4342; x_wconf 87' lang='lat' dir='ltr'>Peloponnesiacum</span> 
     </span>
     <span class='ocr_line' id='line_1_38' title="bbox 86 4361 715 4442; baseline 0.013 -27"><span class='ocrx_word' id='word_1_329' title='bbox 86 4361 187 4424; x_wconf 85' lang='lat' dir='ltr'>initium</span> <span class='ocrx_word' id='word_1_330' title='bbox 206 4369 321 4442; x_wconf 87' lang='lat' dir='ltr'>ceperit.</span> <span class='ocrx_word' id='word_1_331' title='bbox 359 4369 492 4441; x_wconf 82' lang='lat' dir='ltr'>Morburg</span> <span class='ocrx_word' id='word_1_332' title='bbox 511 4369 588 4426; x_wconf 77' lang='lat'>1852.</span> <span class='ocrx_word' id='word_1_333' title='bbox 626 4386 652 4440; x_wconf 88' lang='lat' dir='ltr'>p.</span> <span class='ocrx_word' id='word_1_334' title='bbox 673 4369 715 4424; x_wconf 82' lang='lat'>34.</span> 
     </span>
    </p>
   </div>
   <div class='ocr_carea' id='block_1_5' title="bbox 0 0 1516 4896">
    <p class='ocr_par' dir='ltr' id='par_1_6' title="bbox 0 0 1516 4896">
     <span class='ocr_line' id='line_1_39' title="bbox 0 0 1516 4896; baseline 0 0"><span class='ocrx_word' id='word_1_335' title='bbox 0 0 1516 4896; x_wconf 95' lang='lat' dir='ltr'> </span> 
     </span>
    </p>
   </div>
  </div>
 </body>
</html>
