3010 4896
253 251 296 318 24
688 289 728 298 -
777 250 872 334 [ros]
921 287 961 299 -

252 447 383 514 Suidom
406 453 572 532 corruptae
595 447 759 523 lectiones,
782 447 918 532 quaein
941 468 1004 512 uno
1028 447 1168 512 alterode
1191 447 1298 512 codice
1324 447 1397 510 Ari-

252 555 426 638 stophaneo
444 560 572 638 practer
590 553 833 619 Ambrosianum
852 561 1028 632 occurrunt,
1046 575 1109 620 nou
1128 556 1211 638 quod
1231 577 1269 619 ox
1288 556 1398 619 codice

252 663 358 747 aliquo
388 663 419 726 iu
448 660 578 727 Suidam
604 644 778 727 trauslataa
806 661 883 738 siut,
910 661 966 728 sed
989 662 1065 744 quia
1089 662 1178 726 idem
1197 661 1236 728 ab
1260 667 1398 744 utroque

253 767 384 834 librario
407 769 521 834 uitium
543 768 713 834 admissum
736 773 793 845 est,
815 767 904 832 uelut

341 916 368 958 v.
392 893 434 958 75
458 885 559 970 αὐτὸς
582 893 661 959 falso
685 915 754 959 oum
778 892 877 959 Suida
900 894 1022 964 codices
1053 894 1226 959 v-P-FOA
1244 895 1399 978 scriptum

253 1001 380 1078 habent,
403 1022 474 1066 cum
492 1005 578 1066 recta
601 988 701 1077 οὗτος
723 1000 845 1066 codices
868 1000 968 1064 RMA
991 1002 1203 1076 seruaueriut3

341 1147 369 1189 v.
396 1125 458 1190 104
481 1137 554 1203 ταῖς
575 1125 657 1190 male
680 1123 794 1191 Suidas
817 1131 850 1190 et
873 1125 988 1204 Αθ-Ρ,

483 1244 572 1296 ταῖσι
594 1237 680 1298 rocta
702 1232 840 1309 BARM,

483 1351 571 1404 ταῖσι
594 1361 632 1404 ex
655 1351 727 1424 ταῖς
750 1343 923 1404 correctum
949 1340 1019 1416 ΓΔ;

342 1484 369 1526 v.
394 1463 457 1527 aar
477 1455 727 1550 παριειηιασ
742 1463 820 1528 also
838 1485 909 1527 oum
927 1461 1026 1529 suida
1044 1435 1166 1529 cosroes
1182 1465 1401 1539 r-Aroar,

254 1592 324 1634 oum
346 1575 432 1635 recte
453 1563 723 1656 παραβοηθεῖσθ’
746 1570 816 1634 RM
832 1569 1015 1645 exhibeant3

343 1716 369 1760 s.
393 1695 457 1759 756
489 1699 553 1759 νῦν
581 1696 632 1758 δεῖ
662 1711 697 1760 σε
730 1690 842 1760 πάντα
870 1686 910 1780 δὴ
938 1699 974 1758 ut
1001 1717 1021 1760 a
1048 1694 1148 1761 Suida
1174 1696 1219 1760 sic
1247 1695 1279 1761 in
1306 1696 1400 1762 codd.

257 1803 311 1867 or
333 1801 414 1867 male
437 1802 556 1885 pictum
579 1809 627 1866 est
649 1823 707 1886 pro

413 1970 421 1993 ι
486 1933 550 1990 νῦν
574 1922 614 2008 δή
638 1941 673 1991 σε
697 1922 808 1991 πάντα
833 1927 884 1990 δεῖ
907 1927 1050 1992 codicum
1080 1926 1161 2001 VM;

254 2051 400 2117 similiter
423 2057 528 2116 autem
551 2057 646 2136 atquc
669 2051 701 2116 in
724 2052 778 2116 ΘΛ
801 2057 833 2116 ct
856 2052 939 2134 apud
960 2049 1090 2116 Suidam
1113 2053 1146 2114 in
1170 2051 1259 2116 codd.
1279 2051 1404 2116 RAFP

254 2163 417 2243 peccotmn
441 2164 501 2223 est:
1408 2163 1409 2166 ’

511 2291 574 2349 νῦν
598 2284 638 2370 δή
662 2300 697 2349 σε
720 2278 834 2348 πάντα
858 2274 898 2370 δὴ
921 2283 957 2361 R,

512 2398 576 2455 νῦν
600 2387 639 2478 δή
664 2407 699 2455 σε
722 2386 834 2455 πάντα
858 2383 897 2477 δὴ
921 2390 961 2466 Α,

510 2506 573 2564 νῦν
597 2499 649 2564 δεῖ
670 2514 705 2564 σε
728 2493 841 2582 πάντα
864 2498 915 2563 δεῖ
935 2501 1026 2582 prim.
1052 2503 1084 2563 Γ

512 2606 590 2691 (νῦν
614 2602 654 2693 δή
678 2623 713 2671 σε
736 2601 848 2672 πάντα
873 2607 925 2671 δεῖ
945 2628 1023 2672 corr.
1047 2629 1107 2672 sec.
1131 2611 1194 2692 F),

512 2709 574 2778 urio
599 2714 652 2778 δεῖ
671 2731 707 2778 σε
730 2708 843 2779 πάντα
866 2717 904 2782 P.

345 2861 371 2902 v.
395 2839 460 2902 924
484 2848 670 2924 συμφοραῖς
692 2839 849 2922 quomodo
873 2839 906 2902 in
929 2837 1046 2904 Suidao
1069 2840 1208 2904 codicem
1232 2847 1264 2903 ot
1291 2841 1324 2902 in
1347 2861 1400 2904 oo-

255 2947 358 3011 dicem
379 2953 409 3009 A
433 2946 595 3030 irrepserit
617 2967 712 3030 supra
735 2947 872 3031 exposui.
1235 2943 1238 2950 ’
1306 3011 1309 3022 ,

344 3069 402 3135 Ηίε
416 3070 518 3136 simile
532 3091 599 3136 esse
613 3071 728 3148 iudico,
742 3071 827 3153 quod
842 3091 868 3135 v.
883 3071 946 3135 277
963 3070 1077 3136 Suidas
1090 3092 1161 3136 oum
1170 3070 1211 3134 R-
1220 3070 1402 3136 V-P-Aro

254 3178 335 3243 falso
358 3175 530 3262 παρέλθῃς
553 3178 653 3242 tradit
675 3176 861 3264 (παρέλδης
884 3185 1058 3244 correctum
1085 3201 1124 3243 cx
1142 3176 1323 3260 παρέλθεις
1346 3179 1401 3264 Δ);

257 3284 482 3350 Ambrosianus
505 3306 525 3349 a
547 3305 624 3350 uera
646 3284 803 3368 scripturo
824 3283 979 3369 παρέλθῃ
1000 3278 1029 3349 o'
1046 3285 1187 3369 proxime
1205 3284 1306 3360 abest,
1329 3307 1401 3349 oum

257 3390 336 3456 nihil
358 3391 609 3475 praetermiserit
630 3393 693 3456 nisi
716 3392 783 3457 iota
805 3392 1016 3476 subscriptum
1040 3417 1060 3477 η
1083 3393 1217 3458 litterae.

345 3516 411 3582 lam
435 3515 597 3582 afferenda
619 3523 692 3582 sunt
715 3539 765 3594 ea,
793 3538 874 3600 quoe
897 3517 1046 3582 librarius
1070 3515 1270 3582 Ambrosiaui
1295 3517 1401 3582 oculo-

256 3646 327 3688 rum
351 3623 441 3708 lapsu
463 3643 581 3707 suoque
605 3623 708 3688 Marte
729 3623 880 3708 peccauit,
903 3624 992 3688 uelut
1014 3625 1046 3688 in
1070 3645 1129 3687 vu:
1245 3649 1247 3654 ·

507 3769 548 3831 M
919 3765 941 3830 S
964 3771 1051 3830 recte
1074 3787 1145 3830 oum
1168 3771 1241 3831 cett
1264 3765 1353 3831 codd.

306 3873 345 3936 18
369 3873 676 3958 κομψευριπιδικιῦς
688 3875 713 3960 ¹)
869 3879 1144 3956 κομψευριπικῶς

302 3978 344 4042 36
370 3979 477 4064 δρᾶμα
868 3985 1004 4072 πρᾶγμα

280 4085 345 4149 224
367 4082 471 4173 βδύλη
868 4080 981 4166 βδύλει

330 4335 349 4402 ¹)
369 4333 441 4389 idem
461 4336 590 4408 peccauit
607 4337 785 4393 Phauorinus.
