3010 4896
248 279 293 345 40
683 315 725 324 -
774 275 868 358 [136]
916 315 958 323 -

251 475 284 554 ἐς
305 471 429 558 Οἰνόην
447 482 597 560 πρῶτον,
621 463 704 558 ᾗπερ
724 469 888 558 ἔμελλον
908 471 1102 553 ἐσβαλεῖν,
1121 475 1174 538 scd
1200 475 1294 554 etiarn
1314 498 1398 558 quae.

250 586 397 666 leguutur
416 582 457 660 11,
475 581 555 658 19,1
578 573 691 668 ἐπειδὴ
714 577 829 666 μέντοι
848 577 1097 666 προσβαλόντες
1116 587 1155 663 τῇ
1182 576 1309 662 Οἰνόῃ.
1330 633 1336 644 .
1358 632 1365 644 .
1390 633 1396 644 .

252 683 314 757 οὐκ
339 685 502 755 ἐδύναντο
522 684 618 768 ἑλεῖν,
642 739 649 752 .
670 739 676 752 .
757 680 960 774 ὁρμήσαντες
984 679 1041 752 ἄπ’
1065 678 1166 774 αὐτῆς
1187 679 1269 771 μετὰ
1291 679 1333 751 τὰ
1357 685 1398 750 ἐν

252 797 405 885 Πλαταίᾳ
428 790 591 881 γενόμενα
618 786 739 882 ἡμέρᾳ
768 786 1013 881 ὀγδοηκοστῇ
1046 789 1187 878 μάλιστα
1336 793 1398 860 s'o-

253 903 397 986 έβαλον
421 901 454 980 ἐς
476 895 539 989 τὴν
562 894 719 988 Ἀττικήν.

341 1011 409 1076 Iam
430 1011 492 1076 hoc
509 1015 618 1075 nostra
641 1010 674 1074 iu
693 1011 877 1092 quaestione
895 1011 1030 1093 primum
1050 1009 1218 1074 tenendum
1238 1031 1304 1075 osso
1323 1031 1399 1074 cen-

253 1141 316 1196 seo,
334 1118 479 1184 Plataeas
498 1137 662 1201 oppressas
682 1137 749 1183 esse
768 1138 839 1183 vere
863 1117 958 1200 idque
977 1116 1123 1181 extremis
1143 1117 1400 1182 Anthcsterionis

254 1226 374 1302 diebus,
397 1224 557 1308 octoginta
576 1224 686 1289 diebus
709 1231 781 1309 post
800 1231 862 1289 τοῦ
880 1220 1005 1308 θέρους
1023 1225 1079 1289 καὶ
1097 1232 1159 1289 τοῦ
1179 1226 1273 1289 σίτου
1292 1217 1400 1308 ἀκμά-

255 1339 372 1416 ζοντας
390 1332 652 1398 Lacedaemonios
675 1333 708 1397 in
727 1333 867 1397 Atticam
889 1332 1047 1396 invasisse.
1084 1331 1170 1396 llaec
1188 1339 1294 1397 nutem
1311 1333 1400 1397 Thn-

255 1439 399 1524 cydidem
425 1441 479 1523 qui
507 1441 613 1505 omnia
639 1441 707 1525 ipse
735 1440 857 1505 viderat
884 1437 1017 1503 oblitum
1045 1461 1125 1516 esse,
1154 1462 1223 1504 cum
1251 1441 1400 1524 quintum

255 1547 372 1611 librum
398 1546 563 1624 scriberet,
590 1549 716 1613 omnino
745 1546 931 1612 incredibile
954 1550 1010 1610 cst
1056 1546 1166 1611 Altero
1194 1547 1292 1630 igitur
1316 1547 1400 1613 libro

255 1652 330 1719 belli
353 1653 479 1718 initium
501 1675 521 1719 a
539 1654 677 1720 Plataeis
700 1655 856 1739 oppressis
873 1653 1071 1737 Thucydides
1091 1655 1265 1737 computari
1290 1654 1401 1730 uoluit,

255 1782 325 1824 cum
348 1761 447 1826 multo
471 1760 643 1844 simplicius
667 1761 811 1826 videatur
834 1766 987 1838 statuere,
1014 1760 1131 1825 bellum
1155 1761 1401 1842 Peloponnesiu-

256 1890 327 1932 cum
349 1866 390 1932 ab
413 1867 467 1932 illo
491 1868 542 1933 die
565 1868 727 1952 incepisse,
750 1889 812 1952 quo
833 1867 970 1933 Atticam
993 1869 1166 1934 invaserint
1187 1867 1402 1934 Lacedaemo·

256 1975 301 2038 nii
325 1997 382 2040 nec
400 1973 493 2040 facilc
512 1973 653 2040 dubitari
676 1976 784 2058 possit,
807 1976 882 2059 quin
901 1975 1047 2058 aequales
1067 1973 1107 2038 ab
1127 1973 1257 2040 hoodie
1280 1975 1402 2041 bollum

256 2082 382 2147 initium
403 2082 522 2166 cepisse
544 2082 731 2165 putaverint.
774 2081 842 2146 Hoc
864 2089 970 2146 autom
992 2103 1055 2146 uon
1079 2082 1145 2148 sine
1169 2081 1303 2149 artificio
1327 2107 1404 2148 eum

258 2189 430 2255 instituisse
444 2189 600 2272 sagaciter
614 2190 758 2272 exposuit
771 2188 952 2254 Ullrielrius.
965 2189 990 2276 ¹)
1018 2191 1086 2268 Quo
1104 2189 1238 2255 artificio
1253 2191 1403 2256 effectum

258 2303 317 2375 est,
345 2305 381 2362 ut
404 2318 473 2362 oum
497 2296 614 2372 omnia,
642 2297 735 2361 sicuti
758 2296 842 2362 facta
865 2304 983 2375 esseut,
1011 2298 1182 2362 secundum
1207 2304 1344 2363 aestates
1369 2305 1404 2362 et

257 2407 376 2471 hiemes
393 2409 547 2481 narraret,
565 2404 676 2488 viginti
700 2412 820 2487 septem
838 2406 913 2469 armi
935 2405 997 2482 illi,
1019 2425 1077 2489 per
1095 2426 1173 2489 quos
1195 2405 1312 2471 bellum
1332 2406 1403 2471 fore

258 2514 321 2577 inm
344 2511 435 2576 initio
461 2509 658 2594 praedictum
681 2521 750 2578 erat
773 2513 825 2600 (V,
844 2513 911 2600 26),
938 2513 1024 2595 pleni
1052 2514 1229 2577 evaderent.
1281 2513 1404 2590 Quodsi

258 2619 298 2684 ab
323 2619 499 2702 irruptione
522 2618 842 2684 Lacedaemoniorum
862 2641 950 2685 orsus
969 2624 1060 2696 essct,
1082 2640 1140 2684 nec
1161 2620 1246 2702 pleni
1266 2619 1404 2684 luissent

258 2727 334 2792 anni
347 2747 446 2808 usquo
461 2725 501 2790 ad
516 2726 657 2792 Athenas
675 2728 811 2792 traditas
825 2727 981 2791 numerati
995 2749 1054 2792 nec
1067 2748 1117 2792 res
1131 2749 1203 2792 vere
1217 2727 1309 2811 primi
1326 2729 1405 2794 anni

258 2839 363 2918 gestas
377 2833 453 2898 belli
468 2835 649 2900 narratione
663 2835 929 2919 comprehendere
947 2836 1110 2918 potuisset.
1134 2836 1237 2920 Atque
1251 2841 1287 2900 ut
1301 2835 1339 2912 V,
1350 2837 1405 2912 26,

259 2944 305 3006 ita
323 2942 463 3007 eiusdem
486 2941 560 3006 libri
583 2965 608 3007 a
627 2943 670 3008 20
693 2963 730 3008 eo
753 2943 822 3026 ipso
845 2943 922 3019 loeo,
945 2942 984 3006 de
1008 2964 1069 3025 quo
1093 2942 1214 3026 agimus
1234 2935 1405 3007 adrodexa

260 3046 346 3114 ἐτῶν
376 3043 586 3115 διελθόντων
613 3050 670 3113 καὶ
692 3041 826 3136 ἡμερῶν
853 3043 977 3134 ὀλίγων
1003 3055 1285 3134 παρενεγκαναών
1311 3041 1332 3134 ἢ
1357 3041 1405 3124 ὡς

261 3207 267 3220 .
288 3208 294 3221 .
316 3209 322 3220 .
344 3208 350 3220 .
375 3149 395 3243 ἡ
419 3146 500 3242 ἀρχὴ
518 3162 580 3221 τοῦ
599 3156 748 3240 πολέμου
767 3158 865 3222 τοῦδε
891 3155 1039 3241 lys'euro,
1054 3156 1130 3221 belli
1148 3156 1273 3220 initium
1291 3175 1404 3219 nume-

261 3264 344 3329 ravit
361 3285 382 3328 a
399 3263 537 3328 Plataeis
556 3265 712 3348 oppressis
730 3263 936 3347 Thucydides.
973 3263 1055 3328 Nam
1074 3265 1099 3330 si
1124 3263 1271 3328 extremis
1290 3261 1405 3326 diebus

261 3369 513 3436 Anthesleriouis
536 3369 653 3436 bellum
677 3371 932 3436 Archidamioum
957 3370 1082 3436 initium
1106 3371 1198 3454 oepit,
1227 3368 1404 3434 conlectum

260 3484 366 3543 autem
393 3483 440 3544 est
467 3479 575 3543 decem
602 3479 693 3543 anuis
720 3484 793 3562 post
814 3477 919 3544 XXVI
947 3477 998 3542 die
1021 3477 1288 3560 Elapheboliouis
1316 3482 1405 3540 certo

261 3587 372 3663 clucet,
389 3585 506 3651 bellum
526 3585 621 3651 fuisse
640 3587 822 3670 perdecem
841 3608 939 3651 annos
958 3607 1135 3670 paucosque
1150 3587 1217 3649 dios
1235 3584 1405 3658 additos.²)

262 3693 380 3758 Contra
402 3693 428 3757 si
453 3691 568 3757 bellum
592 3693 633 3758 ab
656 3693 840 3759 Archidami
863 3694 1050 3777 irruptione,
1073 3714 1154 3775 (luae
1176 3687 1319 3776 μάλιστα
1341 3699 1406 3756 τοῦ

353 3909 372 3973 ¹)
391 3907 498 3962 Ullrich
522 3907 652 3977 cecrope
674 3923 725 3962 zur
748 3906 942 3976 Erldntcronp
965 3907 1012 3962 des
1038 3905 1219 3976 Thucydides.
1262 3906 1405 3974 Humburg

264 3999 340 4054 1846.
378 4015 403 4068 p.
423 3999 458 4052 32
477 4014 517 4066 sq.
824 4055 829 4064 ,
1027 4005 1030 4012 ’

351 4086 435 4154 ¹)Sic
458 4087 532 4142 enim
554 4089 639 4142 verbe
661 4082 776 4158 ἡμερῶν
799 4082 904 4158 ὀλίγων
927 4089 1168 4157 παρενεγκαιαών
1196 4085 1405 4155 interpretanda

262 4192 360 4234 censeo
384 4185 493 4234 secutus
516 4177 687 4233 Boeckhium
710 4178 728 4231 l.
749 4193 771 4232 c.
795 4193 822 4246 p.
843 4177 875 4230 77
900 4183 928 4230 et
952 4175 1022 4230 stud.
1046 4173 1278 4245 epigr-chronol.
1298 4193 1323 4244 p.
1345 4177 1403 4230 151.

263 4269 323 4335 152,
342 4285 393 4323 nec
413 4285 523 4323 moveor
542 4268 590 4334 eis,
611 4283 681 4338 quse
701 4273 796 4322 contra
815 4283 876 4320 eum
896 4265 1106 4335 disputaverunt
1121 4267 1153 4320 A.
1168 4265 1321 4320 Mommsen
1340 4264 1404 4319 Bei-

262 4363 340 4432 trdpe
362 4375 414 4412 ror
435 4357 534 4432 crach.
555 4358 757 4426 Zeitrcclmanp
775 4375 802 4428 p.
821 4357 874 4412 250
894 4361 922 4411 ct
940 4355 1065 4424 Ungerus
1084 4355 1102 4410 1.
1122 4371 1145 4410 c.
1164 4372 1191 4426 p.
1211 4353 1253 4408 46.
