3034 4896
711 323 926 386 ..34-

242 513 313 579 looo
336 511 496 579 differunt.
543 509 637 589 Quod
659 509 831 576 discrimen
853 509 1011 576 latissime
1029 515 1129 593 patet.
1169 508 1280 593 Neque
1300 510 1384 577 enim

243 616 323 682 haee
338 623 454 701 poetae
469 615 629 682 sententia
644 620 703 687 est,
722 633 818 697 quom
835 620 945 680 nostru
963 613 1075 697 lingue
1090 612 1137 678 sie
1152 611 1380 697 exprimimus:

243 717 347 784 »deun
375 717 502 785 obwohl
528 717 582 784 ioh
612 716 665 782 dis
696 717 799 782 Nntnr
829 715 886 782 der
915 715 1090 800 primordia
1118 715 1209 782 niulrt
1237 715 1381 784 konnen:

244 822 363 907 quippe
386 820 440 904 qni
462 839 562 906 saepe
584 820 740 904 glorietur
762 839 859 884 unum
881 839 917 886 se
940 838 1012 886 esse
1028 839 1070 885 ex
1084 819 1150 884 illis
1171 820 1381 904 sapientibus,

243 925 298 1008 qni
321 932 469 990 naturam
492 943 612 1005 eorum,
639 923 672 988 in
695 922 812 1005 quibus
835 923 938 989 omnis
960 942 1066 988 rernm
1089 923 1225 990 seientia
1247 923 1310 989 situ
1330 925 1382 1002 sit,

243 1027 480 1113 perspexerint!
508 1026 603 1104 Quod
619 1026 771 1092 onmium
787 1033 885 1092 antea
899 1026 960 1092 viri
971 1026 1058 1092 docti
1074 1025 1262 1109 sensissent,
1281 1026 1385 1111 signi-

243 1129 442 1197 fiountiorem
465 1151 538 1197 enm
560 1129 768 1196 mutationem
792 1135 986 1214 putaverunt
1008 1148 1105 1212 quum
1125 1149 1207 1212 quae
1222 1129 1385 1215 adipsum

243 1239 371 1318 postam
396 1253 459 1299 non
482 1239 568 1299 esset
591 1231 771 1298 referenda.
818 1233 860 1298 At
881 1231 958 1315 quid
979 1231 1185 1315 significaret,
1204 1253 1268 1298 non
1283 1233 1387 1300 ndno-

243 1337 401 1405 taverunt.
427 1335 575 1402 Profecto
590 1334 813 1401 desideramus
828 1354 900 1400 eum
916 1353 1057 1416 sensum,
1076 1335 1132 1418 qui
1144 1337 1184 1414 V,
1201 1339 1263 1400 195
1278 1337 1386 1404 verbis

374 1438 486 1524 quodsi
506 1437 570 1504 ium
591 1459 699 1503 rerum
721 1439 861 1522 iquorem
878 1437 1059 1520 primordia
1081 1460 1161 1522 quae
1182 1438 1258 1517 siut,

244 1541 395 1610 efficitur:
430 1543 554 1608 »selbst
576 1540 712 1607 orden
734 1540 826 1621 Fall,
852 1539 930 1607 dass
951 1540 1004 1606 ieh
1026 1541 1115 1608 nieht
1137 1549 1276 1624 wtsste,
1304 1545 1387 1610 wel-

245 1645 322 1712 ohes
345 1645 398 1710 dio
422 1645 526 1711 Natur
547 1644 605 1710 dor
626 1643 802 1729 primordio
831 1643 910 1709 seio.
958 1643 1053 1721 Quod
1078 1664 1152 1710 oum
1179 1644 1387 1730 intellegeret

243 1748 418 1833 Briegerus
451 1748 609 1831 [Bursian.
634 1746 818 1814 Jahresber.
848 1749 947 1828 1876,
973 1749 1037 1813 vol.
1063 1747 1123 1828 VI,
1154 1767 1207 1832 pg.
1238 1751 1323 1834 164),
1351 1759 1389 1817 ut

243 1851 326 1918 huno
354 1851 622 1936 significationem
651 1850 685 1916 in
715 1849 856 1935 quamuis
885 1850 992 1916 inesse
1018 1869 1114 1934 posse
1137 1850 1384 1930 demonstraret,

242 1955 349 2021 attulit
364 1955 431 2022 cio.
453 1954 496 2036 ud
511 1955 577 2019 ott.
603 1957 654 2031 12,
674 1955 726 2034 37,
753 1956 787 2016 2:
815 1953 959 2038 quamuis
968 1954 1111 2037 prudens
1126 1955 1171 2018 ad
1182 1955 1386 2039 ooqs'tuudum

242 2059 296 2140 sis,
322 2059 403 2123 sieut
425 2081 468 2136 eo,
494 2067 608 2135 tumen,
633 2056 697 2120 nisi
717 2077 848 2140 muqnue
870 2077 963 2120 curuo
986 2056 1046 2120 tibi
1065 2065 1156 2134 esset,
1181 2067 1217 2122 ut
1235 2081 1291 2144 eqo
1307 2083 1385 2124 con-

242 2184 388 2247 sequerer
403 2162 448 2239 u,
473 2163 558 2246 quod
569 2181 759 2244 mupmopero
774 2159 895 2237 uellem,
919 2181 1088 2244 numquam
1103 2183 1141 2224 eu
1154 2183 1205 2226 reo
1222 2169 1287 2226 tam
1302 2163 1384 2228 belle

243 2263 276 2327 im
290 2273 422 2328 mentem
438 2263 543 2327 uentre
551 2261 719 2347 potuisset.
759 2263 802 2326 At
816 2262 939 2340 Oinone,
966 2283 1037 2329 oum
1054 2263 1132 2329 diois
1146 2266 1288 2348 quamuis
1298 2289 1385 2350 pmc-

242 2368 319 2430 dem
334 2366 387 2440 ets,
408 2365 443 2430 id
458 2372 544 2432 uerte
561 2365 666 2446 sumit,
693 2363 831 2429 Atticum
855 2383 928 2430 esse
951 2355 1150 2448 prudentem,
1177 2365 1262 2449 qnod
1278 2375 1311 2433 et
1327 2388 1387 2453 per

242 2488 278 2534 so
294 2469 415 2535 olorum
431 2475 528 2534 estet
543 2487 584 2534 ex
595 2468 700 2533 verbis
715 2467 797 2532 siem
811 2489 843 2530 es
857 2467 1065 2552 intellegitur.
1091 2467 1143 2533 Ad
1156 2469 1385 2537 Lucretianum

243 2573 346 2636 looum
372 2570 400 2636 si
429 2570 464 2638 id
491 2589 697 2652 revocemus,
729 2570 828 2650 illud,
866 2569 951 2652 qnod
984 2570 1086 2637 noluit
1112 2570 1302 2655 Briegerns,
1338 2579 1386 2640 ait

244 2679 358 2759 poeta:
387 2693 422 2740 so
443 2674 602 2758 ignorare,
629 2693 712 2756 quoe
735 2673 910 2757 primordia
932 2673 1007 2739 sint.
1055 2673 1123 2757 Ego
1138 2694 1213 2741 vero
1228 2675 1298 2760 ipse
1314 2697 1387 2742 om·

243 2777 338 2843 nibus
371 2777 451 2844 loeis
482 2775 639 2842 Plautinis
668 2775 871 2842 Terentiunis
899 2775 1073 2842 Luoilinnis
1105 2778 1289 2862 perpensis,
1327 2781 1385 2846 ubi

246 2986 311 3070 [ad.
338 3006 394 3071 pg.
421 2988 472 3069 35]
671 2985 773 3067 (Luor.
800 2983 855 3049 lib.
882 2985 953 3064 ΠΙ.)

278 3089 327 3140 unt
346 3087 459 3158 donique
477 3088 509 3142 tm
529 3087 749 3142 aethereorum
767 3087 885 3151 orbor,
906 3104 971 3140 non
989 3104 1135 3156 aequore
1152 3087 1245 3142 uulso

347 3164 450 3218 nubes
468 3183 537 3218 esse
556 3169 695 3234 queunt,
717 3163 907 3232 menpiscon
926 3163 1039 3218 nivers
1057 3163 1091 3216 in
1110 3165 1214 3228 aruis,

347 3260 404 3296 nec
422 3261 524 3296 oruor
542 3241 576 3294 t'n
595 3241 706 3310 liquis
724 3259 831 3310 neque
848 3241 945 3294 oanis
963 3258 1066 3294 sucus
1084 3242 1205 3296 tuosne.

346 3325 474 3374 certum
493 3335 531 3372 uo
548 3320 794 3388 dispositumst
811 3318 870 3372 uta·
885 3320 1043 3389 quicquit
1060 3325 1194 3374 orosout
1212 3327 1240 3373 et
1258 3322 1350 3376 insit.

346 3399 398 3453 oio
416 3398 527 3452 autori
542 3405 672 3451 natura
691 3397 812 3466 nequit
829 3397 902 3452 stne
920 3414 1062 3466 corpore
1079 3396 1171 3452 oriri

345 3476 422 3530 oola
440 3494 581 3545 nequeo
599 3475 717 3529 neruis
735 3479 767 3528 et
783 3474 952 3546 antiquius
970 3473 1125 3545 tonqttsr
1142 3493 1222 3529 esse.

277 3555 327 3606 too
346 3551 429 3623 quid
444 3555 606 3623 siposoet
623 3551 730 3604 enim?
750 3551 854 3603 mutto
869 3551 970 3622 prius
988 3551 1065 3620 ipsa
1083 3554 1192 3606 animi
1207 3552 1260 3605 utu

346 3631 380 3683 tm
398 3629 513 3700 eapite
531 3635 588 3682 out
606 3628 733 3682 noueris
751 3633 809 3680 aut
827 3627 905 3681 imis
924 3627 1080 3682 colothus
1098 3645 1169 3682 sose

342 3712 474 3777 possut,
495 3713 526 3759 st
544 3706 685 3762 innasci
702 3705 825 3775 quavis
843 3706 877 3758 in
891 3710 994 3774 porte
1011 3707 1139 3761 soleret

346 3782 480 3838 tandem
499 3783 532 3836 im
550 3786 663 3838 eodem
681 3783 811 3837 nomon
829 3788 930 3852 utque
949 3783 983 3837 in
1001 3784 1114 3837 eodem
1132 3801 1210 3838 uase
1234 3799 1379 3836 enomere..

347 3862 609 3932 quodquoniam
627 3866 746 3914 nostro
765 3877 893 3930 quoque
912 3866 1048 3914 constat
1067 3878 1211 3930 corpore
1235 3866 1379 3924 eertum,

277 3941 328 3991 795
346 3939 622 4008 dispositumque
640 3938 781 3991 uidetur
798 3936 943 3990 utiense
961 3943 993 3990 st
1011 3937 1294 4006 creseerepow't

346 4032 476 4070 sorsum
489 4016 603 4070 areima
618 4021 721 4085 atquo
739 4015 887 4078 errimus,
908 4019 1005 4069 tanto
1022 4015 1131 4085 moqts
1149 4014 1382 4084 infitiandum

346 4101 451 4150 totum
465 4113 566 4166 ponne
585 4100 685 4148 extra
702 4110 829 4164 eorpus
848 4093 947 4146 durare
963 4092 1084 4162 porrique.
