3008 4884
292 385 351 450 roa
720 421 763 432 -
811 386 896 473 [resp
944 420 987 430 -

287 592 382 656 quern
415 571 524 638 omisit
548 571 737 640 Comiiicius
766 572 894 644 dicendi
925 573 1072 652 formula,
1105 593 1170 655 qna
1192 572 1406 638 naneiretura

287 673 389 741 tribue
411 673 612 760 purgationis
641 675 787 759 partibus
809 676 1004 759 generaliter
1018 675 1112 744 dietis
1127 675 1170 744 ad
1193 676 1326 760 primam
1347 675 1366 737 i.
1381 695 1404 738 e.

285 777 554 846 necessitudinem
570 778 698 864 proprie
714 778 924 847 tractandam.
957 781 1072 862 Itaque
1084 778 1312 846 interciderunt
1324 780 1406 844 verbe

284 875 354 950 iere
376 881 471 948 haee:
514 885 593 949 Oura
614 881 648 946 in
668 883 925 948 necesarindr'nem
947 906 1043 950 osaea
1065 885 1258 968 conferetur,
1282 883 1332 947 vel
1351 881 1406 946 alie

286 985 454 1052 eiusmodi.
494 985 583 1052 Haeo
599 985 698 1069 igitur
711 987 812 1054 verba
832 993 1004 1071 postquam
1020 993 1230 1068 evanuerunt,
1257 1005 1336 1069 quae
1349 992 1408 1052 erat

286 1090 403 1156 lacuna
424 1089 458 1154 in
480 1089 552 1175 ipso
574 1088 684 1156 codiee
705 1089 882 1175 archetypo
906 1091 988 1158 laleo
1017 1090 1148 1175 expleta
1180 1095 1240 1156 est.
1267 1127 1305 1136 -
1334 1089 1407 1154 Alibi

286 1213 412 1276 quoque
430 1193 518 1279 apud
533 1193 737 1267 Comifieium
754 1193 912 1260 eiusmodi
934 1194 1131 1260 transitionis
1150 1194 1308 1260 formulae
1321 1192 1408 1258 inter-

285 1295 448 1362 ciderunt:
481 1296 523 1376 11,
547 1300 596 1377 13,
624 1299 663 1360 20
686 1295 719 1363 in
743 1296 822 1376 fine;
849 1298 903 1379 IV,
928 1301 976 1377 13,
998 1299 1037 1362 18
1059 1297 1093 1363 in
1115 1298 1189 1362 fine.

372 1399 466 1466 Corn.
486 1400 527 1480 Π,
549 1403 599 1476 16,
619 1403 671 1465 23.
719 1400 864 1471 Primum
879 1401 1140 1466 oonaidermrdum
1155 1408 1211 1477 eet,
1238 1422 1312 1464 mear
1325 1400 1407 1481 enirm

286 1510 409 1568 omitum
430 1502 473 1568 eit
493 1503 526 1568 r'n
541 1502 818 1580 necessarimm,-
839 1503 950 1568 der‘nde
969 1505 1189 1590 quaerendam,
1213 1526 1309 1588 ecquo
1329 1502 1408 1565 modo

286 1606 332 1670 uia
362 1606 421 1672 uta
448 1606 546 1672 vitari
571 1607 712 1691 potuerit
740 1631 778 1672 ae
807 1608 917 1672 leonrr'.
973 1606 1094 1674 Mem
1127 1613 1202 1672 actu
1235 1606 1283 1672 vis
1311 1604 1408 1688 aliqua

286 1709 398 1794 nequit
421 1709 516 1776 simul
540 1716 572 1776 et
594 1707 688 1776 vitari
716 1716 749 1778 et
778 1710 897 1790 leva1i;
930 1717 988 1778 eut
1017 1710 1101 1776 enim
1125 1710 1252 1790 vitatur,
1285 1715 1320 1774 ut
1345 1727 1408 1772 enm

286 1811 398 1878 vitatio
413 1810 662 1898 comprehendat
684 1813 716 1877 in
741 1833 776 1879 se
799 1813 1003 1894 levationem,
1029 1812 1166 1880 levando
1188 1832 1252 1878 non
1268 1812 1407 1896 sitopns,

285 1921 342 1982 ant
363 1917 489 1982 levatur
510 1935 615 2000 neque
638 1916 736 2000 igitur
757 1917 885 1982 vitetur.
938 1918 1051 2000 ltaque
1073 1915 1277 1982 scribendum
1301 1923 1348 1980 est
1369 1915 1409 1977 oi-

288 2019 353 2084 tarr'
366 2019 510 2102 potuerit
531 2027 588 2084 nat
609 2020 725 2098 leuari;
752 2029 808 2086 aut
830 2020 913 2086 enim
938 2020 997 2088 boe
1020 2021 1101 2096 loco,
1127 2026 1163 2086 ut
1181 2039 1291 2105 saepe,
1317 2018 1411 2102 signi-

287 2122 361 2188 ficat
382 2131 438 2188 cui
459 2131 559 2200 cale,
592 2130 648 2188 uui
669 2125 790 2188 saltam.
837 2122 940 2190 Simili
970 2121 1065 2190 modo
1088 2132 1143 2188 out
1172 2129 1204 2190 ct
1226 2147 1264 2186 oo
1285 2121 1411 2188 confusa

287 2231 362 2290 sunt
390 2225 424 2290 in
453 2225 613 2294 codicibus
636 2227 685 2308 ΙΙ,
716 2231 742 2308 l,
769 2231 788 2292 2
816 2226 859 2309 (in
881 2227 954 2307 fine)
988 2236 1043 2292 aut
1068 2235 1200 2310 portes,
1236 2225 1290 2292 ubi
1318 2249 1354 2290 ue
1377 2248 1409 2307 p.

285 2331 335 2411 μ’),
355 2332 385 2408 2,
411 2350 427 2398 r
449 2350 480 2395 v.

371 2432 467 2500 Corn.
485 2434 528 2514 Η,
551 2437 599 2514 18,
620 2436 660 2499 28
683 2435 765 2500 ratio
788 2442 935 2519 reiquae
958 2455 1085 2498 rourum
1100 2434 1292 2498 demonstrat
1314 2454 1413 2495 oerum

285 2558 351 2600 aare
378 2535 412 2599 in
434 2559 528 2622 qoam
549 2536 747 2602 irrtardimrm.
795 2535 946 2603 Codicum
976 2536 1128 2603 lectiones
1159 2537 1220 2602 hae
1251 2543 1339 2601 sunt:
1370 2543 1414 2597 eet

287 2662 365 2724 quae
394 2663 520 2704 caueam
544 2639 644 2725 bp¹7r,
678 2650 723 2704 eat
747 2664 826 2726 quoe
848 2663 944 2706 cauea
965 2643 1058 2726 p²pr¹‚
1094 2663 1189 2704 cauea
1217 2648 1264 2703 esi
1286 2661 1344 2724 qna
1364 2641 1412 2720 pl,

286 2752 332 2808 est
354 2767 450 2809 causo
472 2767 552 2831 quae
573 2744 664 2824 rell.;
697 2766 805 2808 ceram
829 2767 895 2809 erre
922 2743 956 2808 ia
979 2767 1075 2832 quum
1097 2765 1135 2826 rr,
1167 2765 1276 2807 nomm
1299 2765 1363 2806 aare
1386 2743 1415 2804 in

288 2849 372 2932 quod
391 2851 437 2932 p²‚
470 2869 579 2916 uerum
609 2871 674 2912 esse
703 2847 739 2911 id
768 2849 853 2933 quod
878 2849 948 2914 reli.
995 2847 1135 2914 Verbum
1162 2870 1257 2912 caneo
1285 2867 1355 2912 cum
1386 2846 1416 2910 in

286 2950 449 3018 codicibus
476 2950 591 3040 partim
614 2950 811 3016 nominativo
840 2950 958 3037 partim
985 2951 1170 3018 accusativo
1199 2951 1355 3037 prolatum
1379 2950 1418 3015 sit

286 3073 380 3138 casu,
415 3061 447 3121 et
476 3053 592 3141 partim
622 3055 656 3119 in
685 3053 904 3120 enuntiatione
934 3055 1070 3120 relativa
1098 3054 1212 3140 partim
1243 3059 1318 3118 unte
1346 3073 1416 3118 eam

285 3159 428 3243 legatur,
466 3157 593 3224 videtur
621 3175 693 3223 esee
722 3157 885 3242 glossema
908 3157 1054 3224 vocabuli
1077 3157 1159 3222 ratio
1187 3155 1416 3240 interpretandi

285 3282 384 3328 cause
407 3261 669 3348 superscriptum.
708 3258 801 3337 Quod
824 3261 853 3326 si
868 3267 954 3327 reete
969 3261 1179 3345 auspicamur,
1206 3260 1302 3325 simul
1317 3259 1417 3325 altera

285 3365 496 3432 ademeoenda
518 3364 694 3444 cellectio,
723 3384 821 3446 quarn
843 3364 988 3448 plerique
1009 3363 1136 3430 codices
1163 3363 1241 3449 (ΙΨ)
1268 3363 1419 3428 exhibent

286 3491 394 3532 ueram
415 3492 481 3534 erre
502 3469 539 3532 id
559 3469 650 3553 qaod.
698 3467 811 3550 Neque
834 3467 919 3533 eninr
946 3467 1149 3552 respicienda
1175 3485 1248 3532 esse
1275 3485 1419 3549 eaquae

285 3572 319 3637 in
342 3571 453 3638 codice
474 3575 511 3657 p²
533 3571 671 3655 legimus
691 3593 799 3634 uorum
815 3592 880 3635 erse
903 3570 936 3633 ἐπ
958 3572 1043 3654 qnod
1061 3569 1261 3644 intertdr'mae,
1285 3589 1328 3634 cx
1348 3569 1419 3654 ipso

289 3673 448 3740 Cornificii
477 3673 603 3740 dicendi
634 3692 695 3739 usu
725 3673 935 3758 cognoscitur,
968 3673 1022 3756 qui
1052 3693 1092 3739 ex
1121 3673 1303 3737 ceramensi
1322 3673 1420 3738 verbo

286 3784 468 3844 monaster
495 3777 634 3863 pendere
662 3777 742 3843 velit
767 3777 1004 3844 accusativum:
1041 3777 1084 3855 Il,
1111 3779 1163 3858 28,
1189 3781 1229 3840 45
1259 3776 1421 3840 intendere

285 3881 548 3954 consumebam
588 3880 641 3960 lv,
671 3883 722 3963 27,
742 3883 781 3946 37
805 3880 974 3944 inmodicae
997 3880 1184 3958 orationem
1225 3878 1280 3959 lv,
1305 3881 1361 3959 29,
1381 3883 1421 3940 ltt

289 3984 392 4068 (ratio)
418 4008 482 4049 uuo
509 3983 710 4069 relinquitur,
742 4005 836 4067 quom
863 4005 920 4046 noe
944 3983 1143 4048 intendimus.
1190 3981 1420 4047 Restitucndus

285 4088 382 4172 igitur
404 4094 489 4154 totus
519 4089 607 4154 loeus
634 4094 683 4152 est
713 4085 798 4152 hune
826 4086 860 4152 in
889 4085 1035 4152 modurn:
1076 4086 1158 4151 rotr'o
1187 4094 1233 4149 ert
1262 4105 1345 4168 prmo
1368 4087 1421 4149 ‹lc-

286 4199 441 4256 monstrut
462 4213 569 4256 oerum
590 4213 655 4254 ease
677 4189 712 4252 t'd
732 4189 816 4274 quod
835 4189 1033 4256 incutimus.

373 4295 468 4366 Corn.
486 4295 528 4376 ΙΙ,
549 4297 600 4376 28,
620 4299 672 4358 45.
726 4295 768 4360 Ut
789 4293 828 4374 ei,
861 4315 930 4384 menn
952 4301 1163 4378 comparetur,
1193 4300 1298 4356 utrum
1322 4291 1421 4356 satim
