3034 4896
732 329 945 390 ..20-

276 513 627 580 confirmationem
654 514 701 580 eie
724 515 888 581 contineri.
935 517 977 580 At
1008 533 1079 580 cnm
1108 512 1268 579 interdum
1290 511 1409 575 timea-

275 636 364 696 mus,
396 636 478 699 qnae
501 617 628 683 omnino
650 638 713 684 uon
735 618 877 684 timenda
905 625 994 698 eunt,
1027 617 1213 700 sequitur
1240 615 1345 700 potine
1373 612 1408 677 id
1502 689 1503 692 Ἴ

274 716 358 798 iude,
385 718 469 800 quod
491 726 601 784 nostru
623 721 690 786 vite
711 721 814 786 omuie
836 721 870 786 iu
892 720 1032 792 tenebris
1051 720 1186 786 laborat.
1233 717 1276 784 Ut
1298 724 1408 782 antem

275 819 453 885 sententiae
474 820 557 886 inter
579 841 614 886 ee
636 842 699 887 non
727 829 862 906 possunt
889 822 1055 906 coniungi,
1080 823 1128 888 ita
1157 821 1287 904 cingula
1307 819 1410 886 verba

275 923 482 988 offensionem
499 925 665 1008 praebent.
706 927 754 991 Ac
775 926 914 1010 primum
936 926 1065 1010 quidem
1087 925 1246 1009 displicet,
1268 922 1352 1007 qued
1374 921 1409 986 iu
1502 1001 1503 1004 Ἴ

216 1081 220 1086 .
275 1025 377 1090 tribue
388 1045 427 1091 ac
435 1045 537 1110 paene
548 1045 584 1092 ee
595 1027 831 1113 excipientibus
839 1029 985 1094 versibus
995 1027 1075 1093 illud
1088 1026 1269 1092 intenebris
1279 1023 1410 1088 diversa

252 1127 508 1210 ,significatione
529 1131 698 1215 repetitum
720 1138 779 1197 est.
826 1132 864 1196 Iu
891 1151 987 1198 versu
1014 1131 1099 1197 enim
1129 1135 1169 1194 54
1192 1127 1410 1213 metaphorice
1502 1131 1503 1202 ζ

275 1231 392 1297 dictum
416 1241 481 1298 eet:
513 1233 629 1299 deinde
655 1235 785 1320 propria
813 1236 941 1300 notione
963 1235 1020 1310 (rin
1043 1233 1175 1298 Duukel
1194 1233 1250 1296 der
1270 1231 1407 1312 Nuedt).
1502 1265 1503 1322 3

276 1335 446 1400 Praeterea
460 1336 488 1400 sl
503 1337 550 1401 sic
565 1337 763 1420 colligimus:
789 1337 889 1401 omnia
903 1359 973 1400 mem
987 1335 1054 1399 cita
1069 1337 1102 1398 in
1118 1337 1251 1400 amoris
1265 1335 1411 1408 loborel,·
1502 1391 1503 1400 ,

275 1459 348 1500 rrum
370 1438 469 1502 veluti
483 1439 580 1521 pueri
602 1486 610 1502 .
632 1489 638 1504 .
660 1490 667 1503 .
692 1440 737 1503 uic
759 1461 815 1504 nor
835 1441 869 1502 e'n
895 1441 963 1503 luce
986 1439 1128 1503 timernue
1149 1438 1332 1502 interdum.
1356 1487 1363 1500 .
1385 1486 1407 1513 .,

276 1540 403 1605 omnis
426 1541 519 1634 ‘viru
548 1548 580 1606 et
609 1541 807 1606 interdum
837 1542 1020 1608 timemus
1050 1561 1114 1606 non
1144 1547 1229 1607 recte
1257 1541 1342 1606 inter
1374 1559 1410 1604 se
1502 1587 1503 1614 r

276 1649 487 1726 opponuntur.

276 1847 417 1914 adiectos
440 1867 512 1914 cese
535 1869 576 1914 ex
599 1849 718 1915 eisdem
741 1850 847 1915 verbis
862 1850 1018 1914 interdum
1034 1849 1176 1913 timemus
1193 1848 1407 1932 cognoscitur.

362 1745 400 1810 In
422 1745 507 1810 tertii
528 1765 603 1811 vero
626 1747 698 1812 libri
720 1747 883 1831 prooemio
905 1767 968 1812 uon
984 1747 1088 1812 minue
1103 1748 1189 1812 male
1204 1747 1276 1812 illos
1292 1763 1410 1810 versus

277 1949 417 2035 Exponit
438 1951 521 2016 enim
544 1957 640 2035 poeta
661 1952 702 2018 de
723 1959 808 2017 metu
831 1952 958 2017 mortio:
991 1951 1075 2017 hunc
1096 1971 1214 2018 vexare
1239 1949 1408 2035 pudorem,
1502 1975 1503 1980 ¹

276 2056 358 2118 hune
379 2054 509 2119 vincula
531 2055 691 2120 amicitiae
713 2073 862 2139 rumpere
884 2056 971 2120 etin
993 2075 1119 2120 summa
1142 2053 1293 2139 pietatem
1315 2073 1410 2120 ever-

277 2163 345 2222 tere
364 2155 471 2222 clade:
497 2178 571 2220 num
593 2157 657 2221 mm
679 2179 771 2241 caepe
789 2157 928 2221 hominen
943 2157 1087 2241 patriom
1102 2177 1253 2240 carosque
1262 2156 1410 2240 parentela

493 2260 717 2342 prodiderunt,
742 2260 842 2325 uitare
866 2260 1044 2324 Acherusia
1068 2260 1184 2342 tenrplu
1200 2267 1355 2342 petentes.

277 2361 536 2444 Perguutigitur
558 2362 631 2428 libri
654 2363 718 2428 eic:

405 2487 478 2529 ruam
501 2466 629 2530 ueluti.
658 2516 664 2529 .
694 2514 701 2528 .

410 2616 629 2633 .......
655 2569 700 2631 eie
722 2591 778 2632 noe
800 2568 833 2632 in
855 2569 924 2631 luce
947 2569 1088 2632 timemus

408 2670 576 2746 interdum,
600 2671 665 2734 nilo
689 2691 769 2754 quae
790 2679 863 2734 eunt
877 2671 1042 2734 metuenda
1059 2670 1159 2754 inopie
1174 2691 1268 2754 quum
1283 2692 1309 2732 e.
1329 2691 1361 2753 q.
1379 2691 1405 2731 e.

279 2771 344 2837 Sed
365 2771 533 2847 interdum,
558 2772 643 2855 qnod
665 2772 707 2837 ad
722 2791 814 2838 curae
829 2772 992 2837 hominum
1008 2773 1041 2837 in
1057 2773 1240 2838 universum
1257 2771 1406 2855 pertinet,

278 2874 318 2939 ub
341 2872 401 2939 boo
429 2874 657 2940 sententiarum
687 2893 809 2939 conexu
838 2873 978 2940 alienum
1007 2881 1072 2953 est,
1106 2873 1257 2955 quonium
1286 2873 1320 2938 in
1351 2873 1410 2937 hoc

278 2977 441 3061 prooemio
463 2983 527 3042 toto
549 2976 590 3042 de
613 2983 697 3072 certo
719 2973 829 3042 mortis
851 2983 937 3042 metu
960 2995 1065 3043 sermo
1086 2975 1133 3054 fit,

375 3079 575 3165 funditus
597 3079 768 3142 lemanum
790 3079 845 3162 qui
865 3079 961 3144 eitum
984 3080 1090 3142 turbat
1111 3079 1150 3141 ab
1173 3078 1246 3155 imo,

387 3182 518 3247 omnia
540 3181 726 3267 suffundens
747 3183 859 3246 morlia
880 3182 1017 3265 niqrore,
1043 3202 1168 3266 neque
1190 3181 1312 3243 ullam

386 3306 451 3349 eece
472 3285 663 3368 voluptatem
685 3284 837 3369 liquidam
852 3305 1030 3368 puramque
1052 3283 1214 3367 relinquit,

279 3408 340 3470 quo
361 3388 505 3453 homiues
528 3409 591 3453 uon
613 3386 772 3453 interdum
795 3392 934 3468 tantum,
966 3385 1024 3452 sed
1051 3404 1179 3470 semper
1201 3384 1408 3465 omnibusque

278 3492 310 3556 iu
333 3491 427 3556 rebus
450 3499 612 3575 anguntur
621 3494 655 3576 ¹).

364 3595 498 3660 Accedit
526 3593 612 3676 quod
641 3592 744 3658 eidem
768 3611 879 3658 versus
909 3592 941 3656 in
963 3591 1027 3656 fine
1054 3589 1210 3675 prooemii
1232 3589 1313 3655 sexti
1337 3588 1407 3655 libri

279 3701 418 3774 exstant,
442 3697 498 3761 ubi
519 3697 684 3779 egregium
706 3714 836 3761 sensnm
851 3695 1016 3778 praebent.
1056 3692 1258 3776 Quapropter
1271 3711 1333 3758 non
1350 3690 1408 3755 du-

279 3800 355 3876 bito,
381 3799 456 3883 quin
479 3807 511 3864 et
532 3800 565 3864 iu
589 3798 729 3865 secundo
745 3804 778 3863 et
793 3797 826 3862 iu
843 3797 937 3863 tertio
959 3796 1041 3862 libro
1063 3815 1127 3860 nou
1141 3815 1162 3860 a
1176 3793 1322 3861 Lucretio
1338 3794 1407 3878 ipso

279 3903 387 3968 iterati
409 3903 482 3968 siut.
528 3902 611 3968 Eum
634 3907 752 3978 autem,
778 3901 833 3983 qui
856 3899 990 3965 secundi
1012 3905 1043 3964 et
1061 3898 1147 3964 tertii
1161 3897 1236 3962 libri
1249 3896 1408 3981 prooemia

279 4007 324 4072 ita
347 3993 517 4072 emendare
539 4005 669 4079 studuit,
694 4010 791 4069 ntea
816 4003 940 4085 aliquot
959 4001 1106 4069 versibus
1129 3999 1328 4066 Lucretiauie
1350 4019 1407 4063 eu-

349 4230 364 4290 ¹)
387 4227 460 4282 idem
479 4227 566 4282 sentit
584 4226 735 4282 Goebeliue
754 4227 895 4282 observat.
915 4241 962 4295 pg.
983 4225 1025 4277 28.
