2994 4890
536 401 580 411 -
627 365 712 446 [aar]
760 399 803 410 -
1181 363 1239 426 υτ

100 553 264 637 praesenti
293 553 393 620 aetati
415 552 553 637 gratiam
582 552 694 634 habet,
726 551 812 634 qued
834 569 886 618 res
907 557 1009 618 mutet
1030 551 1242 634 melioresque

100 653 217 720 reddat
233 656 274 739 [p.
286 658 376 720 44944
393 653 431 720 τὸ
447 653 511 737 μὲν
526 648 737 740 εὐχαριστεῖν
751 661 798 737 τῷ
812 649 1060 737 μεταβάλλοντι
1074 652 1116 718 τὰ
1131 651 1243 738 πράγ-

101 780 194 840 ματα
216 754 357 842 χρόνῳ);
390 777 431 822 ea
457 757 618 842 capitibus
639 759 655 826 Ι
678 764 710 824 et
732 757 765 822 II
794 755 1081 842 comprehenditur.
1129 758 1242 824 Altera

100 860 131 926 ei
153 861 337 942 laudantur,
372 859 427 944 qui
456 859 567 926 dedita
596 879 693 944 opera
719 861 754 926 in
777 859 900 928 litteras
930 859 1099 942 studiaque
1127 859 1243 926 hnma-

99 963 191 1028 niora
213 963 400 1030 incumbant
424 964 467 1048 (p.
486 967 577 1028 44915
601 960 639 1028 τὸ
663 961 741 1040 τοὺς
763 961 806 1026 τὰ
827 960 990 1048 κράτιστα
1013 967 1244 1048 προαιρουμέ-

100 1089 181 1143 νους
204 1064 389 1150 ἐπαινεῖν);
414 1067 496 1134 haec
518 1067 625 1134 finitur
646 1088 679 1152 p.
698 1071 787 1132 4499.
831 1068 941 1132 Tertia
962 1073 1093 1151 propter
1115 1067 1241 1134 felicem

99 1170 303 1252 celeremque
331 1189 476 1236 verorum
510 1170 685 1236 studiorum
715 1189 919 1256 progressum
951 1189 1042 1253 spem
1076 1169 1242 1254 profitetur

99 1271 171 1340 sore
186 1279 222 1338 nt
236 1272 358 1338 Asiana
379 1273 438 1339 illa
451 1273 634 1357 eloquentia
654 1294 717 1340 non
733 1273 852 1340 diutius
866 1293 962 1356 quam
985 1293 1082 1338 unum
1103 1279 1243 1339 aetatem

102 1376 197 1442 duret
224 1376 265 1461 (p.
281 1379 373 1443 44944
396 1373 434 1441 τὸ
459 1373 500 1440 τὰ
522 1377 690 1460 μέλλοντα
713 1375 748 1442 ἐκ
771 1383 838 1442 τῶν
858 1374 1048 1461 γεγονότων
1069 1373 1240 1459 εἰκάζειν).

100 1479 222 1548 Paucis
251 1480 390 1546 absolvit
419 1479 502 1546 hanc
524 1487 648 1568 partem
677 1501 710 1564 p.
729 1483 865 1546 4499-13.
913 1481 1020 1548 Verba
1045 1480 1144 1565 igitur
1166 1478 1244 1558 τοὺς

105 1585 452 1670 συμφιλοσοφοῦντας
483 1578 699 1670 ἀνθρώπους,
730 1583 758 1649 si
788 1583 917 1666 quidem
946 1584 1089 1668 genuina
1121 1591 1240 1662 essent,

102 1688 139 1754 in
170 1688 274 1753 altera
306 1693 398 1772 parte
430 1694 558 1754 exstare
592 1687 677 1754 omui
710 1686 805 1754 modo
837 1686 1015 1752 debebant:
1051 1706 1136 1753 nunc
1168 1707 1244 1752 vero

100 1791 173 1876 ipse
195 1790 285 1856 locus
307 1809 369 1873 quo
392 1791 542 1873 leguntur
564 1789 674 1875 spuria
696 1809 737 1855 ea
757 1809 831 1856 esse
852 1790 969 1872 arguit.
1017 1790 1107 1856 idem
1128 1789 1244 1876 capitis

101 1892 239 1959 secundi
260 1893 401 1959 ineuntis
424 1893 659 1958 enuntiatorum
689 1893 769 1958 ratio
792 1894 922 1977 probat:
955 1911 1038 1958 vers.
1060 1917 1086 1957 lu
1116 1885 1134 1956 ὃ
1158 1887 1241 1957 καθ’

100 1990 191 2084 ἡμᾶς
214 1993 335 2082 χρόνος
360 2046 367 2059 .
389 2047 395 2059 .
418 2045 425 2060 .
452 1990 607 2061 ἀπέδωκε
629 2002 668 2082 τῇ
690 1996 754 2080 μέν
776 1989 901 2081 ἀρχαίᾳ
931 1996 987 2059 καὶ
1010 1992 1163 2081 σώφρονι
1186 1995 1245 2082 ῥη-

101 2106 219 2185 τορικῇ
243 2097 304 2185 τὴν
327 2098 462 2164 δικαίαν
483 2097 583 2186 τιμὴν
604 2096 646 2185 ἣν
667 2099 725 2164 καὶ
746 2096 915 2184 πρότερον
934 2091 1002 2180 εἶχε
1025 2098 1134 2174 καλῶς
1158 2091 1246 2162 ἀπο-

100 2205 237 2285 λαβεῖν·
265 2209 303 2288 τῇ
326 2202 362 2267 δέ
384 2207 447 2287 νέᾳ
469 2203 526 2266 καὶ
550 2197 681 2288 ἀνοήτῳ
703 2200 910 2268 παύσασθαι
932 2199 1037 2280 δόξαν
1060 2196 1100 2267 οὐ
1115 2201 1246 2290 προσή-

99 2327 233 2372 κουσαν
262 2309 479 2392 καρπουμένῃ
511 2306 569 2370 καὶ
599 2304 635 2371 έν
671 2300 861 2390 ἀλλοτρίοις
895 2298 1041 2390 ἀγαθοῖς
1071 2304 1242 2392 τρυφώσῃ.

100 2411 161 2476 καλ
192 2403 232 2475 οὐ
260 2404 346 2474 καθ’
378 2411 415 2475 ἓν
442 2409 525 2486 ἰ’σως
555 2416 653 2476 τοῦτο
683 2406 790 2492 μόνον
819 2407 974 2474 ἐπαινεῖν
1001 2407 1062 2475 τὸν
1087 2407 1245 2496 παρόντα

98 2511 229 2598 χρόνον
254 2563 260 2576 .
281 2561 287 2575 .
311 2561 318 2574 .
344 2507 450 2591 ἄξιον.
497 2511 586 2577 Nihil
608 2531 705 2597 posse
728 2512 856 2578 omnino
886 2518 1054 2596 praeterea
1074 2513 1152 2578 addi
1174 2520 1241 2596 aut,

100 2616 131 2682 si
162 2614 242 2698 qnid
274 2613 335 2681 hcc
367 2616 437 2681 lecu
466 2615 621 2696 addatur,
654 2621 721 2680 tum
752 2615 857 2698 priore
886 2634 1012 2698 qnoque
1040 2614 1244 2681 adiciendum

100 2718 211 2802 quivis
234 2716 345 2802 opinor
368 2717 464 2784 facile
488 2716 653 2784 concedet.
692 2716 860 2783 Tollamus
881 2717 981 2800 igitur
1003 2718 1170 2783 verberum
1185 2715 1246 2782 τὸν

99 2818 262 2906 παρόντα
284 2817 408 2906 χρόνον
428 2820 573 2906 ineptum
594 2820 913 2904 interpretamentum
936 2816 1015 2896 τοὺς
1035 2822 1246 2906 συμφιλοσο-

101 2929 259 3011 φοῦντας
282 2917 499 3008 ἀνθρώπους.
548 2923 617 2986 Καὶ
638 2929 745 2988 autern
775 2923 944 3007 particula,
975 2929 1012 2988 ut
1037 2923 1103 2988 iere
1126 2923 1171 3005 fit,
1204 2923 1245 2988 ab

99 3047 154 3106 ec,
181 3027 236 3109 qui
257 3026 316 3092 illa
337 3026 436 3092 verba
457 3026 490 3090 in
514 3032 635 3091 textum
658 3025 790 3110 recepit,
816 3024 928 3090 addita
949 3032 1009 3091 est.

100 3237 221 3318 γραφῇ
243 3229 374 3318 πολλὴν
397 3228 536 3318 ζήτησιν
558 3225 669 3296 αὐτῶν
691 3230 933 3317 ποιησάμενος.
972 3224 1013 3296 οὐ
1034 3231 1097 3312 μὲν
1115 3227 1154 3318 δὴ
1171 3230 1246 3295 δια-

98 3337 312 3418 βεβαιοῦμαί
333 3357 369 3419 γε
393 3327 436 3411 ὡς
460 3330 499 3420 δὴ
522 3334 580 3398 καὶ
603 3341 721 3420 σαφῶς
743 3330 850 3410 εἰδώς.
897 3333 978 3398 Mle
1005 3330 1046 3420 δή
1073 3353 1137 3398 non
1160 3341 1246 3400 recte

98 3438 242 3522 legitnr;
276 3458 351 3502 nam
373 3444 597 3523 praeterquam
625 3436 711 3521 quod
741 3436 859 3502 locutio
889 3436 952 3518 μέν
980 3435 1020 3523 δὴ
1045 3473 1084 3486 -
1108 3460 1145 3520 γε
1167 3456 1247 3503 nus-

98 3561 203 3626 quam
225 3540 289 3608 nisi
310 3541 371 3608 hoc
394 3561 458 3607 unc
480 3543 551 3608 loeo
574 3539 721 3622 occurrit,
747 3559 810 3605 non
833 3547 899 3605 tam
921 3539 1129 3606 consecutiva
1150 3561 1246 3623 quam

98 3643 323 3728 restringendi
345 3644 506 3712 notionem
526 3644 692 3710 continens
708 3643 868 3728 particula
882 3642 1094 3710 desideratur.
1134 3643 1247 3726 Itaque

100 3747 232 3816 scribo:
266 3741 306 3812 οὗ
327 3752 477 3830 μέντοι
506 3747 769 3830 διαβεβαιοῦμαί
791 3769 827 3831 γε
851 3741 894 3822 ὡς
918 3743 957 3830 δὴ
978 3747 1037 3811 καλ
1060 3753 1178 3832 σαφῶς
1200 3744 1248 3810 εἶν

100 3848 182 3930 dulc,
209 3849 249 3914 cl.
276 3871 308 3934 p.
328 3853 406 3916 4649
430 3843 470 3916 οὐ
491 3854 608 3932 μέντοι
630 3849 893 3932 διαβεβαιοῦμαί
921 3871 958 3935 γε
981 3842 1147 3934 ὁπότερος
1169 3837 1247 3934 ἦρξε

100 3960 166 4040 τῆς
200 3946 321 4039 ἀρετῆς
349 3949 472 4039 ταύτης
494 3950 581 4017 κατὰ
610 3951 648 4017 τὸ
679 3949 805 4038 παρόν.
850 3951 927 4017 Alia
955 3951 1050 4016 huius
1079 3950 1247 4018 locutionis

100 4057 258 4140 exempla
279 4055 380 4122 habes
403 4055 500 4124 haee:
530 4077 564 4140 p.
586 4059 662 4122 1960
685 4050 726 4122 οὐ
747 4059 865 4138 μέντοι
893 4051 1058 4140 προσήκει
1085 4045 1120 4136 y'
1146 4051 1249 4134 έμμε-

99 4183 189 4246 τρον
204 4153 277 4224 οὐδ’
297 4158 471 4244 ἔρρυθμον
486 4153 592 4245 αὐτὴν
613 4153 703 4224 εἶναι
720 4158 843 4224 δοκεῖν.
880 4159 956 4222 5843
973 4149 1014 4220 οὐ
1027 4159 1144 4238 μέντοι
1159 4179 1250 4222 παν-

100 4260 241 4328 τάπασί
263 4285 299 4346 γε
322 4259 383 4348 τὴν
393 4255 618 4347 Ἰσοκράτειον
634 4256 768 4347 ἀγωγὴν
783 4258 973 4345 ἐκβέβηκεν.
1014 4261 1090 4324 6266
1114 4251 1154 4324 οὐ
1168 4262 1249 4340 μέν·

1008 4379 1038 4430 12
