3006 4892
720 343 935 406 ..68-

257 531 337 614 gula
359 551 479 615 genera
501 537 649 596 naturam
672 549 693 594 a
714 529 859 615 patribus
874 536 1038 615 acceptam
1054 537 1228 611 servarent,
1247 530 1377 614 quonian

254 653 397 718 sequens
412 653 557 717 quaeque
580 639 670 699 aetas
691 632 811 699 eisdem
834 631 1017 718 primordiis
1039 632 1217 718 composita
1239 653 1308 700 asae
1329 655 1376 700 non

255 743 380 822 posset.
426 737 476 802 Ab
498 736 561 802 hac
583 735 825 805 ratiocinatione
847 743 913 802 tam
935 737 1092 802 concinna
1117 737 1189 803 illos
1212 757 1320 804 versus
1339 738 1377 800 in-

257 848 379 904 certum
401 861 520 924 qaoque
542 839 606 903 iam
628 825 747 904 constet
769 863 796 904 e.
816 862 846 925 q.
869 863 895 904 a.
921 839 1044 906 alienos
1067 859 1139 906 esse
1162 849 1305 925 apparet.
1329 877 1362 888 -

344 940 469 1008 Deinde
492 940 532 1008 de
554 940 661 1008 verbis

827 1027 905 1113 quid
918 1027 1022 1112 possit
1045 1027 1131 1107 orr'ri,

388 1130 467 1217 quid
485 1139 627 1215 nequeat,
640 1130 744 1215 finito
760 1140 904 1214 potestas
925 1131 1055 1216 denique
1078 1131 1187 1216 cecique

386 1255 521 1318 mnam
542 1233 584 1298 ait
604 1233 726 1298 ratione
748 1241 841 1319 atque
863 1234 927 1298 alte
950 1233 1099 1298 terminus
1121 1233 1252 1300 haerena

255 1336 290 1401 iu
316 1335 463 1402 versibus

749 1422 777 1498 Ι,
803 1425 907 1486 75-7
974 1449 976 1454 ·

256 1522 401 1608 repetitis
429 1523 601 1590 dicendum
633 1531 694 1590 est.
747 1525 818 1602 Quo
846 1524 914 1590 looo
944 1544 984 1590 ea
1018 1525 1213 1610 interpolata
1242 1544 1312 1592 essa
1338 1525 1382 1588 rix

255 1627 352 1694 certis
375 1626 482 1692 causis
504 1626 719 1693 demonstrari
741 1635 858 1712 potest.
905 1626 1106 1710 Quamquam
1134 1628 1273 1695 maxime
1294 1627 1383 1694 offen-

258 1729 315 1810 dit,
342 1729 427 1812 quod
449 1749 561 1797 versus
578 1733 705 1794 62-74
722 1730 901 1810 Lueretius,
927 1750 998 1796 com
1022 1737 1159 1813 enarret,
1178 1731 1250 1813 quis
1272 1729 1381 1815 primus

255 1839 330 1898 arta
359 1840 492 1899 naturae
522 1834 664 1899 claustra
686 1833 857 1916 effringere
879 1833 1026 1918 cupierit,
1051 1840 1236 1900 constanter
1257 1833 1382 1919 perlecto

257 1936 356 2001 utitur
383 1938 443 2018 (67,
470 1939 521 2016 69,
551 1941 602 2017 79,
629 1940 679 2018 72,
706 1939 757 2016 73,
785 1940 850 2018 74),
876 1935 909 2001 iu
932 1936 1078 2003 versibus
1102 1941 1219 2002 75—7
1242 1955 1384 2022 praesens

255 2038 416 2106 inducitur
431 2041 527 2122 (uode
541 2041 675 2126 refert
697 2040 810 2122 nubta).
849 2040 933 2104 Nam
948 2039 981 2104 in
999 2042 1049 2105 78.
1069 2044 1088 2104 9
1104 2059 1258 2124 praesens
1274 2040 1337 2105 alia
1349 2038 1384 2103 de

257 2161 356 2208 eausa
373 2143 511 2227 positum
527 2149 588 2208 est.
628 2141 692 2208 Sed
709 2163 781 2209 cum
796 2141 911 2209 deesse
927 2143 1052 2229 possint
1067 2143 1113 2208 illi
1126 2163 1239 2210 versus
1260 2144 1293 2223 ll,
1310 2147 1386 2207 75-

257 2249 301 2330 7),
330 2265 390 2330 ego
413 2245 542 2328 quidem
564 2265 629 2312 non
650 2244 772 2323 dubito,
796 2245 993 2330 quinetiam
1016 2246 1068 2312 hic
1090 2246 1271 2331 interpolati
1295 2247 1365 2312 sint.

345 2383 454 2448 Pauca
475 2381 626 2448 addenda
649 2387 723 2447 sunt
744 2381 785 2448 de

610 2485 1042 2568 vmwammr

414 2609 546 2673 quorum
568 2611 696 2671 operum
718 2611 831 2652 causas
853 2589 941 2652 nulla
963 2589 1086 2653 ratione
1108 2589 1212 2653 uidere

407 2699 543 2774 possunt
565 2714 601 2754 ac
610 2690 695 2775 fleaa'
714 2691 819 2755 divino
841 2690 966 2754 uomina
989 2700 1098 2755 rentur

693 2795 744 2877 (ε
765 2795 791 2876 Ι,
822 2797 891 2858 153.
918 2797 964 2878 l).

254 2894 348 2974 Quae
370 2896 469 2961 verba
497 2895 601 2982 priore
629 2896 704 2961 libri
733 2896 816 2962 sexti
846 2897 917 2962 looo
943 2896 1082 2963 delenda
1110 2916 1182 2962 asse
1211 2896 1276 2961 iam
1299 2895 1391 2960 Bent-

257 2999 355 3065 laium
398 2999 597 3066 intellexisse
649 3019 748 3085 supra
786 3000 1045 3066 commemoravi:
1094 2999 1269 3085 posteriore
1307 2999 1392 3064 iuxta

257 3105 376 3168 85-9
405 3104 508 3170 locum
538 3124 601 3170 nou
631 3104 760 3186 hebere,
793 3111 827 3170 ut
856 3101 889 3168 hi
912 3111 969 3170 aut
996 3103 1043 3168 illi
1066 3123 1178 3170 versus
1210 3100 1390 3168 secludendi

254 3208 333 3290 sint,
359 3206 585 3274 Lachmannos
609 3215 726 3274 monet.
767 3208 979 3293 Quapropter,
1006 3211 1389 3274 cumino-91·ectesuo

258 3312 328 3376 loco
343 3331 378 3377 se
394 3310 513 3377 habero
528 3311 606 3376 mihi
622 3330 813 3397 persuasum
829 3311 870 3376 sit
891 3311 957 3393 (eir.
977 3331 1059 3394 quae
1075 3333 1106 3398 p.
1123 3311 1162 3374 78
1179 3329 1226 3393 sq.
1246 3309 1286 3376 de
1302 3329 1389 3393 repe·

257 3414 373 3481 titione
391 3435 540 3481 versuum
563 3416 669 3479 87-9
690 3414 723 3478 in
745 3414 839 3480 huius
862 3413 935 3478 libri
958 3413 1105 3480 versibus
1128 3416 1256 3479 aea-5
1279 3411 1387 3478 tradito

255 3517 454 3603 disputabo),
481 3522 534 3583 90.
564 3521 577 3581 1
610 3517 734 3602 spurios
757 3536 829 3583 essa
853 3516 1013 3582 existimo.
1061 3515 1126 3582 Sed
1151 3522 1283 3598 uterque
1306 3516 1386 3579 locus

257 3620 343 3686 unde
374 3619 511 3698 fluxerit,
542 3620 728 3706 ambiguum
756 3625 825 3684 est.'
868 3618 951 3683 Nam
976 3622 1029 3683 56.
1055 3624 1072 3682 7
1104 3619 1266 3684 electore
1289 3615 1384 3701 philo-

254 3721 359 3807 sopho
382 3722 423 3787 ad
447 3727 551 3804 50—5
574 3721 753 3807 adscriptos
776 3740 849 3788 osae
872 3721 959 3786 nullo
981 3725 1170 3805 argumento
1187 3716 1384 3785 refutaverim

255 3829 310 3890 90,
340 3832 353 3890 1
387 3845 463 3892 vero
493 3825 596 3910 potuit
619 3826 715 3892 etiam
745 3824 814 3890 lieri
837 3831 871 3890 ut
893 3823 1092 3889 librariorum
1115 3823 1211 3908 culpa
1234 3843 1274 3888 ex
1296 3823 1344 3885 56.
1370 3820 1384 3878 7

255 3936 490 4015 repeterentur.
519 3966 555 3977 -

344 4031 492 4115 Denique
513 4032 548 4096 in
571 4031 756 4097 memoriam
779 4049 902 4110 revoco,
929 4048 1012 4111 quae
1035 4027 1075 4094 de
1098 4026 1246 4094 versibus

663 4135 688 4216 Ι,
717 4135 776 4198 531
801 4140 834 4197 et
855 4132 909 4211 lv,
937 4133 999 4196 672
