3034 4896
729 314 941 374 „52-

271 505 466 590 compositas
496 520 584 570 esse:
627 523 666 568 ex
694 501 793 568 variis
829 499 1001 584 generibus
1032 499 1209 564 litterarum
1239 495 1339 560 verba
1367 513 1410 558 ae

271 628 382 674 versus
404 606 581 692 composita
610 625 683 672 esse
712 604 819 671 dicere
847 624 910 669 non
932 602 1045 688 potuit.
1093 599 1158 667 Sed
1179 597 1306 665 etiamsi
1330 615 1411 662 oon-

272 711 423 777 eedamus
453 717 580 794 poetam
609 707 643 774 id
673 714 797 774 tantum
819 707 1038 773 demonstrare
1060 703 1218 782 voluisse,
1244 719 1285 766 ex
1307 698 1410 764 variis

270 813 367 878 rebus
389 831 485 877 unam
508 831 664 878 summam
687 808 800 876 oonrio'i
821 829 927 895 posse,
953 815 1061 874 tarnen
1083 805 1130 872 illi
1152 823 1264 871 versus
1287 801 1411 885 singuli

272 917 352 981 satis
382 916 500 982 multas
530 913 725 980 offensiones
748 914 915 998 praebent.
961 913 1067 993 Atque
1096 909 1177 975 illud
1206 909 1290 972 inter
1311 929 1344 970 se
1374 905 1411 969 in

272 1039 302 1082 v.
330 1020 392 1082 690
425 1015 583 1100 quomodo
616 1015 835 1099 intellegatur,
871 1015 991 1081 neseio.
1038 1012 1122 1078 Num
1155 1009 1238 1094 quod
1273 1009 1306 1074 in
1334 1007 1412 1072 libri

272 1121 364 1205 primi
388 1120 533 1188 versibus
557 1121 668 1184 825.6
692 1119 828 1203 legimus

402 1245 471 1286 enm
495 1231 596 1286 tomen
618 1221 702 1286 inter·
724 1243 756 1285 se
779 1242 886 1286 versus
907 1243 945 1284 oe
967 1219 1061 1283 aerbo
1084 1224 1238 1282 necessest

402 1325 567 1409 eorfiteore
589 1333 620 1389 et
642 1346 677 1390 re
699 1333 730 1389 et
752 1325 855 1389 sonita
878 1324 997 1388 distare
1019 1322 1153 1400 sonanti,

272 1447 402 1512 prorsus
425 1436 546 1494 neotum
569 1434 635 1506 est,
668 1447 740 1492 eum
763 1427 845 1490 inter
867 1449 900 1490 se
921 1425 963 1491 ad
984 1425 1103 1488 distare
1124 1422 1283 1508 pertineat
1304 1439 1414 1501 neque

273 1529 338 1594 ullo
361 1530 455 1595 modo
477 1530 592 1595 abesse
621 1529 733 1614 possit.
779 1529 848 1594 Hoe
878 1548 954 1595 vero
984 1529 1053 1593 loeo
1082 1526 1148 1591 olio
1177 1547 1215 1589 eo
1242 1523 1317 1588 otiis
1347 1523 1415 1586 ela-

271 1631 384 1695 mentis
406 1640 549 1696 antestare
571 1632 672 1704 solum
696 1638 803 1717 potest
825 1631 903 1712 diei,
935 1631 1019 1694 inter·
1044 1651 1077 1694 se
1098 1627 1166 1693 olr'a
1188 1649 1226 1692 ea
1247 1626 1323 1690 aliis
1345 1626 1378 1690 el
1395 1661 1413 1672 -

272 1735 384 1798 neantes
411 1743 553 1798 constare
582 1732 663 1798 nihil
692 1740 752 1800 est.
799 1733 926 1800 Deinde
958 1732 1123 1800 enuntiato
1151 1729 1303 1816 primario
1334 1729 1414 1813 qnia

272 1838 366 1901 etiam
388 1839 488 1901 molto
518 1837 669 1902 elemento
698 1837 784 1902 vides
812 1837 919 1902 maltis
947 1835 1122 1900 communio
1152 1833 1253 1899 soon
1279 1833 1415 1898 omnino

273 1947 432 2024 repugnat
459 1939 684 2006 secundarium
712 1940 880 2024 oorfiteore
907 1948 1059 2004 necessest
1087 1938 1153 2002 alea
1182 1960 1220 2001 en
1248 1936 1324 2001 aliis
1346 1936 1415 1998 ele·
1508 1977 1509 1984 κ

273 2044 385 2106 mentes
408 2052 560 2108 voratore.
608 2043 714 2110 Verba
735 2043 820 2108 enim
844 2042 870 2108 si
894 2043 960 2109 alia
982 2063 1022 2109 ex
1046 2041 1119 2108 aliis
1143 2039 1309 2107 elementis
1333 2059 1415 2104 eon-

273 2152 367 2226 stnnt,
383 2145 539 2228 siquidem
552 2145 720 2212 formulam
733 2146 800 2209 otio
812 2168 850 2210 ea
861 2146 935 2209 otiis
946 2151 1032 2211 reete
1043 2143 1211 2228 perspicio,
1223 2143 1313 2208 nulla
1325 2141 1415 2206 iuter

272 2269 307 2315 se
329 2248 449 2314 habent
471 2248 650 2314 eommunia
672 2249 840 2315 elementa.
881 2247 925 2314 Ut
946 2254 1052 2313 autern
1074 2252 1285 2332 praeteream,
1312 2264 1412 2326 qnam

272 2351 314 2417 sit
336 2351 418 2415 urina
438 2350 520 2417 haee
542 2351 710 2417 verborum
734 2351 912 2417 eoninuetio
929 2351 1073 2416 inversu
1090 2351 1152 2414 692
1168 2349 1338 2413 communes
1353 2348 1415 2410 lit-

274 2462 341 2516 tero
358 2462 476 2534 annot,
504 2453 585 2521 haee
600 2454 836 2538 argumentatio
850 2453 884 2519 in
900 2454 1017 2520 oireulo
1033 2459 1198 2518 versatur:
1224 2452 1324 2517 multa
1339 2451 1415 2538 ele·
1508 2533 1509 2536 Ἴ

273 2563 382 2621 menta
400 2555 508 2621 multis
523 2557 630 2622 verbis
653 2557 834 2622 eommunia
856 2563 940 2636 snut,
966 2575 1038 2622 oum
1061 2555 1160 2620 verba
1183 2554 1249 2620 alia
1271 2573 1310 2618 ex
1333 2553 1414 2619 aliis

274 2664 420 2724 constent
431 2658 609 2736 elementis,
625 2679 689 2725 non
700 2679 764 2742 quo
774 2678 838 2724 non
851 2677 951 2742 saepe
961 2658 1141 2724 eommunia
1156 2656 1220 2724 sint
1234 2658 1410 2723 elementa.

273 2763 310 2826 In
324 2761 530 2844 sequentibus
542 2761 688 2828 versibus
700 2781 773 2828 erum
785 2761 901 2826 tradita
916 2761 1083 2844 scripturn,
1099 2759 1185 2843 qnod
1196 2760 1290 2826 valde
1301 2759 1409 2838 doleo,

272 2863 319 2928 ita
341 2862 519 2948 depravata
541 2864 595 2946 sit,
623 2873 657 2929 nt
679 2883 719 2930 ne
741 2863 960 2948 interpolatori
983 2861 1112 2946 quidem
1135 2862 1321 2942 conveniat,
1346 2863 1413 2926 etsi

273 2965 418 3049 intellegi
441 2966 546 3048 liceat,
574 2966 627 3048 qui
651 2966 747 3032 luerit
762 2985 876 3032 sensus
892 2967 962 3032 eius
978 2984 1100 3045 versus,
1120 2971 1226 3031 nmen
1243 2962 1317 3029 inde
1331 2977 1413 3048 pro-

274 3067 349 3136 leoti
371 3069 628 3153 interpolationis
659 3069 786 3153 signnm
815 3076 955 3135 statuere
984 3069 1142 3134 nolumus.
1191 3067 1310 3132 Versus
1333 3087 1413 3133 vero
1508 3105 1509 3126 r

275 3172 328 3254 qui
352 3173 494 3255 sequitur
522 3172 571 3252 (ΙΙ,
600 3175 672 3256 694)

383 3277 439 3338 sed
459 3275 532 3359 qnia
554 3298 616 3338 non
639 3276 728 3360 volpe
745 3275 843 3359 μανία
865 3275 1006 3340 omnibns
1028 3273 1132 3339 omnio
1155 3281 1294 3338 constent

275 3379 324 3444 vel
341 3379 444 3462 magis
460 3385 558 3444 toturn
575 3379 659 3445 hune
672 3380 775 3444 loeuur
792 3378 967 3445 insiticium
982 3397 1055 3444 esse
1071 3378 1277 3444 demonstrat.
1309 3377 1413 3443 Cuius

274 3482 463 3548 sententiam
478 3481 558 3570 inde,
565 3483 743 3548 certissime
755 3501 949 3566 eognosoere
961 3501 1141 3568 possumus,
1158 3482 1243 3548 uude
1255 3482 1296 3547 ab
1308 3480 1413 3547 inter-

274 3585 416 3668 polatore
428 3591 641 3669 sumptusest‚
654 3605 694 3651 ex
707 3583 839 3650 secundi
851 3585 923 3650 libri
933 3605 965 3649 v.
978 3588 1051 3650 337.
1070 3584 1120 3650 lbi
1132 3585 1216 3650 enirn
1229 3591 1324 3668 poeta
1337 3605 1413 3668 pro·
1508 3601 1509 3612 ¹

274 3688 418 3763 baturus,
429 3707 524 3769 qnam
536 3686 841 3771 multigenisriguris
853 3686 1158 3772 primordiavariata
1167 3686 1240 3764 sint,
1252 3687 1413 3770 exemplis
1508 3689 1509 3700 *

274 3790 472 3856 demonstrat
487 3791 607 3856 nullam
623 3789 750 3856 omniuo
766 3809 832 3856 reru
848 3791 942 3857 alteri
958 3791 1056 3875 plane
1071 3809 1182 3874 parem
1199 3808 1270 3855 esse
1291 3791 1375 3870 (347.
1393 3793 1413 3854 8
1508 3773 1509 3826 ³

484 3914 614 3976 quornm
636 3915 732 3957 annm
755 3893 878 3978 quidvis
900 3892 1073 3977 penerote'm
1095 3913 1214 3956 masere
1234 3914 1352 3976 perpe:

483 3995 619 4059 tranenses
643 4004 745 4060 tonwn
767 3995 851 4060 inter
873 4017 905 4058 ae
928 3995 1061 4080 dsfferw
1070 3994 1203 4078 fipnres.

483 4121 539 4161 neo
561 4099 682 4162 ratione
704 4099 770 4162 olio
790 4099 897 4182 proles
919 4119 1103 4181 oopnosoere
1125 4106 1256 4162 nrotrem

464 4223 536 4295 ¹neo
558 4209 660 4264 mater
676 4209 785 4283 posset
803 4201 926 4284 protem
953 4250 1021 4264 ....
