2998 4896
280 289 320 352 ro
505 387 507 392 ,
712 327 751 337 -
800 291 895 374 [aaa]
943 329 982 337 -

275 483 330 548 ubi
355 485 459 567 plnres
484 485 632 548 enotandi
656 484 792 561 fuerunt,
819 507 856 550 oc
879 487 1047 570 praecipue
1069 485 1103 549 in
1126 487 1229 568 capite
1253 486 1293 550 de
1316 484 1413 550 ortho

171 629 181 649 .
275 589 409 674 graphia
432 590 501 674 (ubi
525 591 557 654 in
581 591 693 655 indicis
712 599 861 656 contextu
880 592 983 657 solum
1002 591 1068 657 fere
1086 591 1289 656 Brambachii
1307 591 1414 655 librum

276 699 427 762 minorem
450 698 568 783 citavi),
591 697 649 762 sub
673 704 763 763 textu
788 700 819 762 in
843 699 1102 764 adnotationibus
1124 701 1228 781 posui;
1252 699 1284 763 in
1308 699 1414 782 quibus

275 825 362 880 care,
388 825 520 886 quaese,
543 805 690 887 neglegas
713 827 803 872 voces
826 808 965 886 saepius,
989 827 1077 883 rare,
1099 807 1269 882 interdum,
1293 807 1414 880 similes,
1484 807 1485 858 ἶ

275 910 388 993 quibus
420 913 459 975 de
492 913 604 975 ceteris
637 911 785 993 Corporis
817 912 1025 978 voluminibus
1058 921 1090 978 et
1122 914 1162 977 de
1194 913 1285 978 libris
1312 933 1413 978 manu-

275 1018 400 1101 scriptis
424 1017 562 1082 referens
586 1039 679 1100 saepe
701 1039 777 1083 usus
800 1041 877 1096 sum,
900 1021 1000 1104 magis
1022 1020 1163 1084 minusve
1186 1041 1224 1084 ex
1242 1041 1312 1084 meo
1335 1018 1414 1083 arbi·

274 1123 335 1188 trio
367 1125 517 1206 pondere,
549 1146 619 1189 cum
651 1125 777 1190 illorum
809 1127 929 1191 indices
957 1127 1024 1192 fere
1050 1133 1231 1198 constanter
1258 1127 1292 1190 id
1319 1127 1414 1190 solum

274 1238 530 1307 commemorent,
558 1232 641 1315 quod
669 1237 780 1297 contra
807 1233 950 1316 regulam
976 1232 1026 1310 fit,
1055 1255 1117 1298 non
1145 1233 1230 1316 quod
1258 1234 1348 1296 iuxta
1369 1253 1415 1296 ro·

274 1337 388 1419 gulam.
1484 1425 1485 1430 η

362 1445 505 1530 Denique
533 1446 566 1509 in
594 1453 684 1529 parte
711 1447 956 1530 orthographica
983 1467 1095 1512 moneo
1126 1468 1191 1522 me,
1221 1447 1281 1510 nisi
1315 1453 1416 1511 certae

274 1549 438 1616 obstarent
466 1573 590 1630 causae,
618 1553 843 1617 nominativum
870 1553 919 1618 vel
947 1552 1137 1619 infinitivum
1164 1556 1290 1629 citasse,
1320 1559 1353 1617 et
1379 1553 1416 1616 de

273 1657 435 1722 adiectivis
458 1665 491 1722 et
513 1659 691 1725 nominibus
714 1661 859 1744 propriis,
886 1661 947 1725 nisi
970 1661 1037 1726 sola
1060 1666 1239 1727 occurreret
1261 1660 1294 1723 in
1318 1659 1416 1724 titulis

274 1763 375 1830 forma
397 1764 557 1845 feminina,
580 1765 712 1832 formam
735 1767 948 1834 masculinam.
1051 1767 1055 1777 “

737 2039 948 2049 m·—

611 2264 815 2332 Notnrum
842 2262 1075 2345 explicatio.

272 2447 303 2500 E.
324 2465 349 2514 g.
378 2450 428 2503 811
450 2475 482 2491 =
503 2449 599 2501 titulus
618 2447 747 2517 privatim
768 2449 879 2517 positus.

292 2525 330 2590 δῖ
345 2563 379 2580 =
397 2537 494 2591 titulus
513 2537 649 2606 publicus.

271 2615 324 2679 858
343 2653 376 2668 =
397 2625 493 2679 titulus
512 2626 635 2680 sacralis.

271 2716 346 2780 451]ι
366 2741 399 2758 =
420 2716 515 2770 titulus
535 2715 710 2770 christianus.

271 2805 364 2867 ‘212lcl
383 2829 417 2848 =
436 2804 532 2860 titulus
551 2805 682 2860 metricus
701 2810 866 2872 (carmenl.¹l

272 2894 368 2957 tillllnl
388 2920 421 2936 =
442 2894 551 2959 titulus,
576 2895 635 2964 qui,
661 2896 713 2949 ctsi
733 2903 849 2949 metrum
868 2912 921 2950 non
941 2895 1109 2962 assequitur,
1133 2903 1224 2947 tamen
1245 2910 1414 2948 numerosum

343 2983 456 3036 exhibet
475 2984 634 3048 orationem,
655 2985 688 3037 de
711 3001 765 3052 qua
784 2985 816 3038 ol.
838 2985 1005 3040 Stndomund
1025 2985 1060 3037 aul
1080 2985 1134 3036 titt.
1154 2983 1334 3046 litt-³648&

289 3072 344 3126 78*
362 3098 396 3115 =
416 3073 520 3136 titulus,
541 3073 587 3141 qui
608 3089 697 3142 nequo
717 3089 734 3127 a
752 3074 935 3127 Wilmannsio
954 3089 1043 3141 neque
1063 3074 1098 3126 ab
1117 3071 1256 3139 Eutingio,
1276 3073 1415 3134 Henzeno,

342 3160 538 3227 Hirschfeldio,
559 3163 714 3224 Huehnero,
735 3164 913 3226 Mommseno,
933 3161 1052 3216 Renicro
1071 3160 1225 3229 descriptus
1239 3161 1284 3214 vel
1300 3162 1415 3216 collatus

342 3257 391 3312 est,
407 3250 455 3304 sod
466 3251 500 3304 ab
511 3251 668 3305 auctoribus
678 3251 767 3306 minus
778 3259 872 3306 certae
882 3250 955 3316 fidei,
971 3250 1056 3304 veluti
1066 3267 1084 3305 c
1095 3249 1234 3314 Guerinio,
1245 3251 1413 3314 Pellissiero,

342 3337 503 3393 Ximeoezio
519 3339 651 3406 traditum
671 3340 694 3393 si
713 3341 821 3409 signum
841 3341 931 3408 *post
949 3340 1081 3394 minorem
1102 3339 1208 3392 numeri
1227 3345 1322 3394 notam
1340 3339 1415 3393 addi·

342 3433 393 3492 tur,
417 3445 470 3480 rron
491 3436 564 3482 totus
583 3429 693 3494 titulun,
718 3431 766 3484 sed
786 3429 810 3483 is
830 3437 949 3493 tantum,
974 3429 1020 3498 qui
1041 3429 1163 3491 affertur,
1184 3428 1259 3481 locus
1278 3435 1329 3482 aut
1348 3429 1415 3482 Wil-

343 3517 460 3570 mannsii
475 3525 523 3571 aut
537 3525 689 3571 ceterorum
706 3519 871 3572 auctoritate
887 3526 962 3586 cget3
978 3517 1106 3572 similiter
1121 3521 1155 3584 (cl
1166 3524 1194 3570 ct
1204 3522 1241 3584 (nl
1252 3517 1416 3585 compendia

341 3605 467 3659 adhibito
482 3614 556 3672 suut3
576 3607 664 3660 maior
679 3607 751 3662 enim
767 3616 832 3661 uota
847 3607 952 3662 numeri
968 3605 1073 3660 indicat
1088 3606 1198 3659 titulum
1213 3606 1313 3675 ipsum,
1330 3606 1417 3660 minor

342 3710 460 3749 versum.

271 3825 483 3834 ——..——-—-

362 3895 380 3958 Ι)
399 3891 505 3948 Titulos
525 3895 624 3961 reale).
644 3894 746 3959 eosic).
766 3895 935 3958 seri-sle).
955 3891 1100 3960 samum.
1122 3878 1205 3958 mci(
1222 3895 1231 3957 p
1250 3897 1278 3945 et
1298 3891 1415 3945 tortasse

270 3981 384 4050 369lcl*
406 3989 455 4036 aut
477 3988 549 4037 totos
568 3989 616 4036 aut
635 3998 669 4036 ex
688 3987 768 4051 parte
788 3986 852 4050 (non
870 3997 950 4036 secus
969 3989 1053 4049 atquo
1073 3980 1182 4034 titulum
1201 3979 1317 4035 Renieri
1336 3981 1416 4044 2074)

271 4071 367 4126 codem
391 4071 449 4126 lere
473 4071 615 4126 doctrinae
640 4071 773 4125 metricae
792 4086 893 4140 genere
914 4069 1071 4139 compositis
1091 4068 1259 4124 hexametris
1278 4075 1415 4134 constare,

271 4177 324 4228 quo
344 4177 405 4216 cum
425 4160 474 4214 alii
493 4167 551 4214 tum
571 4159 779 4214 Commodianus
798 4160 841 4214 usi
860 4167 931 4226 sunt,
951 4159 1095 4228 perspexit
1113 4159 1290 4214 Studcmund.

361 4250 381 4310 ¹)
401 4248 508 4303 Titulos
527 4249 586 4303 724.
608 4238 665 4304 758.
687 4250 747 4314 702,
768 4256 796 4304 et
814 4249 839 4302 si
858 4249 906 4316 qui
924 4249 1030 4303 similes
1048 4255 1119 4313 sunt,
1139 4263 1305 4316 quemquem
1321 4247 1415 4316 aliqua

271 4355 431 4394 numerosae
451 4337 581 4394 orationis
600 4339 708 4408 specics
727 4338 756 4392 in
775 4338 809 4394 iis
828 4338 908 4404 inest,
928 4345 1020 4393 tamon
1040 4343 1075 4406 (n)
1091 4337 1169 4407 signo
1183 4337 1316 4408 insignire
1330 4337 1414 4392 nolui.
