3034 4896
589 249 803 309 ,29-

285 433 349 496 sice
371 434 448 496 adeo
468 433 574 516 potr‘ua
596 457 764 520 numqaum
787 444 931 499 connato
952 444 1087 499 creasset

285 536 384 599 ullam
405 557 482 612 rem,
508 538 654 620 quonium
676 538 748 618 copi
768 538 897 602 dicaccto
919 539 1075 624 nequisset

127 657 195 703 non
217 637 373 704 haberent
395 659 457 720 quo
480 639 751 705 confirmarentur.

216 739 341 805 Primus
355 741 430 806 illos
445 761 557 806 versus
574 742 727 809 delendos
743 743 868 809 censuit
882 743 1091 810 Neumannus
1106 765 1159 829 pg.
1183 747 1264 808 13-

132 845 184 920 16,
196 843 425 926 cuiBriegerus
437 844 671 927 quodammodo
679 845 895 930 adstipulatur
907 845 1259 928 (Bursiandahresber.

133 947 216 1008 1876
224 947 287 1010 vol.
300 945 353 1026 Vl,
366 965 422 1030 pg.
437 948 523 1028 186).
542 949 646 1030 Atque
656 949 712 1014 ille
722 949 767 1014 sio
779 948 998 1014 ratiocinatur:
1014 950 1128 1014 »verba
1139 958 1264 1013 cecata

135 1050 239 1128 (1029)
260 1057 293 1114 et
307 1049 477 1113 coniectast
495 1051 599 1132 (1030)
619 1050 661 1116 ad
682 1073 802 1115 samma
816 1059 923 1115 creata
943 1052 1047 1132 (1028)
1068 1052 1264 1117 nullomodo

128 1158 265 1235 possunt
285 1151 406 1232 referri,
433 1172 505 1218 cum
528 1153 694 1218 Lucretius
718 1153 824 1220 dicere
850 1173 913 1218 non
942 1154 1081 1238 potuerit
1108 1173 1263 1220 summam

129 1261 270 1319 creatam
299 1255 332 1319 in
363 1262 467 1321 motus
490 1255 717 1322 convenientes
740 1256 917 1322 conlectam
940 1255 1084 1337 efficere,
1117 1265 1153 1322 ut
1178 1278 1264 1324 mare

129 1376 244 1422 amnes
272 1357 447 1441 integrent,
474 1365 560 1424 terra
589 1358 674 1425 fetus
702 1367 813 1441 novet,
843 1367 966 1440 cetera,
998 1361 1021 1424 i.
1047 1379 1075 1426 e.
1108 1379 1265 1426 summam

129 1469 273 1527 creatam
296 1481 452 1526 summam
476 1470 614 1529 creatam
632 1463 770 1530 efficere.
811 1465 899 1529 Haec
915 1465 1022 1530 omnia
1036 1484 1102 1530 una
1117 1465 1157 1530 de
1173 1466 1267 1549 eopia

130 1565 288 1630 materiae
311 1564 398 1630 dicta
419 1585 492 1631 csse
514 1573 678 1650 possunt«
714 1568 758 1632 Ut
772 1567 920 1650 primum,
939 1567 1023 1650 quod
1034 1569 1182 1652 proximo
1198 1569 1266 1632 loco

129 1667 305 1764 contendit,
324 1667 470 1746 refutem,
496 1689 559 1734 non
575 1677 662 1735 recte
677 1669 759 1735 dixit
773 1672 955 1736 universam
971 1671 1124 1736 materiae
1140 1671 1264 1754 copiam

129 1772 165 1835 in
188 1779 291 1836 motus
315 1771 540 1838 convenientes
563 1773 740 1838 coniectum
763 1791 853 1838 esse:
879 1793 955 1838 nam
976 1779 1044 1838 tota
1065 1774 1122 1838 illa
1143 1773 1268 1838 infinita

130 1873 377 1958 primordiorum
388 1874 493 1958 copia,
509 1874 624 1958 quibus
641 1895 766 1940 summa
780 1882 888 1942 creata
902 1875 1007 1942 denuo
1019 1895 1147 1961 semper
1158 1877 1264 1956 alitur,

129 1983 224 2042 extra
246 1983 365 2042 certum
388 1983 509 2042 motum
531 1985 686 2044 versatur.
735 1977 800 2044 Sed
822 1979 918 2044 etiam
949 1978 1035 2061 quod
1058 1979 1268 2044 Neomannus

130 2080 264 2163 colligit,
284 2081 312 2145 si
331 2083 497 2145 tote-34
514 2081 557 2146 ad
573 2101 729 2147 summam
747 2088 887 2147 creatam
903 2081 1106 2161 referrentur,
1126 2081 1174 2147 eis
1188 2080 1267 2145 nihil

129 2183 267 2267 exprimi
282 2183 344 2248 nisi
360 2203 486 2248 summa
501 2191 610 2249 creata
632 2203 789 2248 summam
812 2191 951 2249 creatam
974 2183 1068 2262 effici,
1091 2204 1111 2248 a
1133 2185 1268 2250 veritate

129 2287 229 2368 longe
244 2284 375 2351 recedit.
414 2286 528 2369 Neque
543 2286 629 2351 enim
651 2293 738 2351 creat
760 2305 795 2351 se
817 2287 890 2370 ipsa
910 2305 1034 2350 summa
1049 2292 1167 2364 creata,
1195 2285 1263 2365 sed,

130 2407 206 2452 cum
229 2388 329 2452 semel
352 2387 385 2450 in
408 2395 512 2452 motus
534 2388 761 2454 convenientes
784 2388 928 2453 coniecta
949 2388 1008 2467 sit,
1034 2389 1197 2454 macelin
1220 2389 1267 2454 eis

130 2489 281 2572 cogitque
303 2509 352 2569 ea,
378 2509 461 2571 quae
483 2489 547 2554 iam
571 2489 707 2556 affluunt
729 2490 913 2575 primordia,
939 2498 974 2556 ιιι
996 2491 1043 2556 eis
1065 2491 1266 2573 indulgeant.

219 2591 324 2657 Nimis
347 2592 441 2675 longe
463 2593 496 2656 in
519 2593 667 2658 hocloco
690 2601 830 2659 moratus
853 2613 925 2659 esse
948 2593 1083 2674 viderer,
1111 2593 1173 2659 nisi
1196 2613 1266 2658 cum

130 2693 300 2760 absolvere
312 2694 414 2760 satius
426 2694 598 2775 duxissem,
618 2705 654 2758 ut
667 2695 702 2759 in
718 2695 863 2761 versibus
872 2696 910 2776 V,
926 2697 1072 2759 tle-31
1091 2694 1268 2760 tractandis

130 2796 273 2862 breviter
287 2797 329 2861 ad
345 2815 394 2876 ea,
413 2816 498 2878 quae
514 2797 607 2862 modo
622 2797 771 2877 disserui,
791 2797 942 2864 lectorem
958 2798 1111 2881 ablegare
1126 2815 1264 2882 possem.

221 2899 264 2964 Ut
285 2898 384 2982 igitur
406 2899 448 2965 ad
468 2899 519 2979 id,
547 2900 632 2982 quod
652 2899 745 2966 nobis
768 2903 963 2986 propositum
986 2910 1051 2980 est,
1083 2900 1265 2975 redeamus,

131 3001 306 3068 dicendum
328 3009 378 3068 est
400 3001 441 3068 de

611 3106 644 3184 Ι,
671 3109 745 3170 635.
771 3109 790 3169 6

280 3215 473 3292 qttupropter
494 3208 550 3290 pati
569 3209 730 3272 maternam
752 3229 858 3272 rerum
881 3230 946 3271 esse
963 3215 1120 3290 putarunt

278 3310 380 3394 ipaem
401 3317 497 3394 atque
519 3332 557 3373 ee
578 3311 646 3394 iqui
666 3333 819 3375 summum
842 3311 1008 3374 causatore
1029 3310 1105 3372 colo.

132 3410 198 3488 Qui
221 3419 255 3476 ut
276 3412 324 3478 illi
352 3413 405 3496 (ΙΙ,
432 3415 506 3477 522.
533 3413 562 3495 3)

279 3515 530 3599 quodquoniam
552 3517 653 3592 docui,
675 3535 808 3599 pergem
831 3524 989 3579 cotwctere
1010 3534 1076 3578 reru
1099 3531 1179 3595 quae

280 3637 318 3679 ea
340 3617 397 3680 doc
419 3623 496 3699 apta
504 3616 609 3700 fidem
631 3619 736 3696 ducat,
756 3618 935 3701 primordia
957 3637 1062 3680 remm

133 3719 225 3784 brevi
248 3726 321 3803 post
341 3719 457 3784 iterum
480 3721 643 3802 leguntur:
671 3725 745 3785 705.
771 3724 802 3784 6.
849 3721 931 3784 Huic
955 3719 1024 3784 loco
1047 3715 1126 3798 quin
1143 3707 1273 3791 egregie

134 3822 344 3900 conveniant,
378 3841 472 3887 nemo
502 3822 563 3888 erit
591 3823 646 3904 qui
676 3822 809 3888 dubitet.
856 3824 1029 3902 Postquam
1066 3815 1154 3881 enim
1191 3806 1275 3889 ignis

133 3926 284 4009 exemplo
307 3943 385 3990 usus
404 3924 521 4002 docuit,
547 3945 643 4008 quam
658 3925 801 4008 ineptum
819 3925 870 4002 sit,
896 3943 937 3988 ex
952 3941 1016 3985 una
1030 3912 1173 3982 materia
1188 3907 1276 3991 prin-

134 4027 244 4110 cipiali
268 4027 376 4092 omnia
398 4034 506 4092 creata
528 4027 692 4104 derivare,
717 4047 788 4092 cum
811 4044 915 4108 neque
937 4020 1023 4089 cerni
1046 4013 1185 4124 possit,
1199 4025 1279 4088 ‹1¹10-

134 4129 228 4194 modo
259 4149 302 4194 ex
324 4149 366 4194 ea
395 4142 451 4194 aut
479 4129 615 4194 densata
644 4137 699 4194 aut
728 4128 888 4195 rarefacta
917 4141 1028 4190 omnes
1053 4135 1110 4182 res
1139 4113 1283 4176 onautur
