2998 4896
279 313 321 376 ua
715 350 756 359 -
805 311 901 394 [222]
948 349 988 358 -

272 491 369 594 ’παρά
397 499 625 594 Ἀριστοφάνει
649 504 686 572 tv
705 498 885 572 Ἱππεῦσιν.
933 498 1070 594 ’sirim
1098 506 1134 572 δὲ
1162 505 1217 572 ἐπὶ
1240 513 1310 571 τῶν
1331 505 1411 591 μέχρι

278 617 408 679 πολλοῦ
432 611 679 698 διεσκυλμίνων
710 601 973 698 (διελκυσμύνων
997 613 1101 690 Phot,
1128 612 1413 697 διειλκυσμίνωνί)

278 719 428 786 Prouerb.
457 719 598 804 append.
628 720 699 785 Vat.
716 727 808 804 ¹cant.
836 719 881 785 IV
909 720 967 807 49)
1003 726 1035 786 et
1065 741 1147 804 quae
1181 729 1353 804 sequuntur
1380 741 1415 785 ex

277 827 560 910 paroemiographo
583 828 720 912 quodam
743 826 869 894 fluxisse
891 826 1065 893 uerisimile
1088 833 1144 894 est.

368 934 448 1000 Item
468 957 492 1000 s.
510 935 551 1018 gl.
570 929 744 1020 Κύττορος
763 933 819 1022 (ad
839 933 1026 1018 Thesmoph.
1042 933 1121 1018 516)
1141 933 1296 1017 eopiosior
1313 931 1416 999 scholii

278 1041 393 1118 forma,
430 1063 525 1126 quam
557 1025 698 1108 seruauit
727 1040 841 1108 Suidas
873 1063 943 1106 oum
976 1040 1106 1106 Photio:
1138 1032 1159 1126 ἡ
1191 1047 1250 1127 τῆς
1275 1034 1415 1120 βαλάνου

277 1149 405 1224 πυελίς·
434 1140 455 1234 ἢ
483 1139 521 1215 τά
550 1143 823 1237 προεξάνδηματ
842 1156 879 1237 ῆς
907 1144 1013 1233 ῥοιᾶς·
1042 1139 1062 1233 ἢ
1089 1137 1109 1232 ἡ
1139 1144 1176 1210 ἓν
1204 1157 1274 1224 τοῖς
1298 1145 1416 1231 κηρίοις

277 1261 348 1318 τῶν
375 1258 540 1338 μελιττῶν
567 1255 684 1331 πυελίς
714 1256 770 1318 καί
793 1251 1007 1341 κιιτάτρηοις,
1034 1252 1128 1318 facile
1151 1277 1190 1320 ex
1212 1252 1416 1334 descriptione
1484 1235 1485 1284 i

278 1362 415 1444 quadam
443 1382 548 1426 rerum
571 1362 763 1426 naturalium
782 1383 865 1426 nuno
883 1361 1050 1446 deperdita
1068 1361 1101 1424 in
1120 1360 1284 1443 utriusque
1301 1357 1417 1424 lexicon

278 1469 410 1532 introire
434 1468 583 1552 potuim).

367 1573 468 1639 Simili
492 1575 585 1638 modo
609 1597 689 1666 qnae
712 1597 735 1639 s.
759 1575 799 1657 gl.
822 1571 960 1662 Καρύκη
983 1577 1069 1659 apud
1092 1581 1261 1659 utrumqne
1286 1577 1317 1636 et
1337 1570 1416 1653 apud

278 1681 467 1764 Hesyohinm
491 1680 652 1765 leguntur:

420 1787 507 1854 Suid.
658 1789 661 1931 η
797 1787 897 1853 'Phot
1046 1789 1048 1875 i
1172 1787 1304 1872 Hesyoh.

324 1888 443 1979 ’ἔδεσμα
476 1893 513 1959 ίκ
546 1899 628 1960 πολ·
733 1889 852 1978 ἔδεσμα
876 1893 912 1960 ἐκ
931 1899 1014 1960 πολ·
1045 1892 1049 1973 Ι

278 2007 348 2066 λῶν
402 2004 629 2085 συγκείμενον,
688 2007 758 2066 λῶν
788 2003 1014 2087 συγκείμενον.

276 2113 393 2193 βρῶμα
430 2103 558 2172 Λύδιον
595 2106 630 2187 ἐξ
688 2109 1014 2194 (rieoquieqnamam-
1073 2115 1190 2195 βρῶμα
1226 2105 1350 2174 Λύδιον
1389 2104 1421 2185 ἐξ

278 2211 415 2298 αἵματος
438 2215 494 2278 καὶ
515 2207 629 2278 ἄλλων
687 2215 785 2300 plius)
1075 2215 1213 2302 αἳματος
1236 2217 1292 2280 καί
1311 2209 1420 2278 ἄλλων

278 2315 479 2404 ἐδεσμάτων,
503 2312 564 2402 άφ’
588 2307 629 2386 οὗ
1074 2315 1286 2409 ἡδυσμάτων,
1302 2313 1361 2402 (ἔφ’
1383 2307 1420 2384 ού

277 2428 334 2491 καί
370 2418 411 2490 τά
445 2422 629 2512 συνταράτ-
772 2444 776 2450 ’
1074 2431 1130 2494 καὶ
1154 2434 1223 2494 κτλ.

277 2555 348 2598 τειν
385 2556 417 2596 τι
454 2535 510 2598 καὶ
543 2525 629 2598 ‘riva-

279 2636 388 2704 δεύειν
431 2635 629 2724 καρυκεύειν

278 2747 368 2826 φασί.

278 2875 316 2918 ex
339 2854 495 2918 communi
519 2851 606 2918 fonte
629 2854 675 2917 ita
698 2851 869 2930 fluxerunt,
896 2860 932 2918 ut
955 2852 1069 2920 Suidas
1096 2856 1269 2938 pleniorem
1298 2859 1331 2919 et
1357 2873 1419 2918 reo

278 2960 391 3024 tiorem
411 2997 450 3006 —
472 2959 614 3044 ineptum
633 2961 717 3050 enim
736 2967 784 3026 est
801 2951 1002 3047 ἡδυσμάτων
1022 2961 1171 3046 Hesychii
1193 2960 1419 3026 —retinuerit

350 3066 436 3144 'Qua
462 3066 496 3130 in
523 3057 745 3149 disquisitione
772 3088 867 3150 saepe
893 3088 956 3131 non
980 3073 1126 3134 accurate
1149 3074 1255 3151 potest
1277 3066 1420 3137 disoerni

276 3178 383 3236 utrum
412 3171 525 3237 Suidae
548 3193 587 3236 ex
610 3173 717 3238 oodios
739 3194 797 3238 suo
826 3171 1058 3256 Aristophaneo
1085 3174 1237 3240 scholium
1266 3176 1419 3258 quoddam

277 3279 493 3361 descripserit,
521 3298 561 3342 an
585 3298 624 3342 ex
646 3280 710 3342 aiio
732 3278 820 3343 fonte
843 3279 1080 3346 adnotationem
1103 3281 1255 3365 aliquam,
1278 3303 1360 3364 qnae
1382 3280 1419 3344 ad

277 3384 500 3466 Aristophanis
528 3384 627 3449 uerba
659 3385 844 3467 quadraret,
877 3388 1148 3469 transumpseris
1179 3407 1217 3450 ae
1243 3409 1283 3452 ne
1316 3389 1419 3453 uariae

278 3491 406 3575 quidem
442 3490 562 3556 citandi
597 3489 718 3555 formae
754 3513 774 3555 a
806 3491 905 3557 Suida
939 3493 972 3557 in
1003 3491 1104 3558 lexico
1140 3493 1305 3560 adhibitae
1342 3495 1419 3578 (sine

278 3603 391 3680 poetae
419 3595 607 3679 fabulaeque
637 3598 775 3675 nomine,
811 3589 1063 3685 Ἀριστοφάνης,
1096 3592 1142 3677 ὡς
1176 3592 1419 3685 Ἀριστοφάνης,

278 3693 387 3780 ούτως
439 3697 689 3791 Ἀριστοφάνης,
751 3697 986 3792 Ἀριστοφάνης
1032 3707 1126 3791 φησί,
1186 3697 1418 3792 Ἀριστοφάνης

276 3809 401 3874 adieota
423 3810 474 3874 uel
498 3811 613 3876 omissa
635 3813 868 3894 praepositione
894 3812 930 3876 ἐν
949 3834 1019 3878 curn
1037 3813 1132 3877 titulo
1150 3811 1291 3899 fabulae)
1317 3833 1418 3878 ansam

276 3937 467 3981 oanonemne
508 3916 659 4000 praebere
700 3923 832 4000 queunt3
873 3939 1061 4002 quamquam
1102 3918 1163 3984 hoo
1202 3924 1325 3984 eertum
1363 3924 1419 3983 est:

276 4035 488 4043 ---------

351 4095 369 4159 “)
392 4093 526 4147 Kusterns
550 4092 802 4162 διισκολλυμίνων,
828 4095 949 4165 Toupius
973 4093 1055 4166 μέχρι
1080 4097 1163 4150 nitori
1186 4094 1417 4164 διεσκολυμείὀι.

349 4181 369 4246 ¹)
392 4181 426 4235 cf.
455 4182 490 4251 gl.
518 4177 589 4237 Πόα.
624 4177 746 4252 Ἓκυίστη
774 4178 880 4254 βοτάνη
905 4187 978 4245 κτλ..
1009 4200 1079 4253 quae
1108 4185 1199 4254 glossa
1223 4199 1257 4238 ex
1281 4185 1366 4240 suida
1393 4185 1418 4237 in

275 4269 406 4328 Aldiuam
431 4269 625 4340 Aristophanis
653 4272 800 4328 editionem
829 4272 1044 4340 transmigrauit.
1073 4272 1107 4328 ot.
1137 4272 1262 4328 Dindorf.
1293 4281 1360 4328 tom.
1384 4273 1417 4326 iv

275 4377 320 4432 με.
341 4363 407 4416 ViII
426 4361 517 4416 adnot.
538 4376 562 4414 a.
