3006 4892
526 361 570 372 -
618 326 701 409 pos]
749 361 793 372 -
1186 327 1223 388 ar

177 515 208 576 2.
233 510 407 598 Archetypi
430 511 510 580 vitia
531 513 564 578 in
582 513 786 580 Ambrosiani
807 513 983 599 exemplari
1004 513 1121 580 iniuria
1144 523 1227 579 tem-

97 635 202 700 porum
225 615 316 684 novis
338 616 427 682 vitiis
450 617 612 684 cumulata
634 625 717 702 sunt,
744 617 860 701 quibus
876 616 1091 697 Florentinus,
1117 623 1224 701 utpote

97 719 145 800 qui
160 718 313 786 ducentos
328 718 396 786 fere
411 726 444 785 et
457 719 692 803 quinquaginta
711 739 811 787 annos
826 719 867 786 ab
889 719 1099 787 Ambrosiano
1114 719 1221 802 distet,

97 820 287 888 deformatus
308 841 372 888 non
395 829 455 890 cst.
502 823 642 890 Probent
664 822 724 890 hoc
746 823 845 888 verba
867 828 925 908 της
945 819 1077 909 είρήνης
1097 822 1131 887 in
1149 821 1225 887 Flo-

97 925 215 990 rentino
236 933 375 1006 servata,
402 945 593 1008 quamquam
615 926 649 990 in
665 945 703 992 eo
726 933 759 994 et
780 925 850 1012 ipso
866 927 997 994 verbum
1020 919 1225 1006 ἀντέχεσθαι

97 1026 206 1093 lacuna
227 1047 291 1092 non
314 1027 496 1112 significata
516 1028 621 1114 periit.
661 1029 909 1112 Ambrosianus,
942 1028 1002 1096 etsi
1030 1048 1093 1095 non
1122 1027 1222 1094 solum

98 1130 188 1194 verbo
211 1122 416 1211 ἀντέχεσθαι
438 1130 494 1198 scd
517 1131 613 1197 etiam
636 1139 695 1218 της
717 1129 849 1219 εἰρήνης
871 1138 968 1211 caret,
1001 1131 1034 1198 in
1057 1151 1095 1198 co
1117 1138 1223 1198 tamen

97 1233 241 1298 maiorem
256 1232 350 1300 fidem
365 1240 517 1319 praestat,
541 1233 626 1318 quod
641 1235 742 1302 tribus
757 1235 822 1302 illis
838 1235 917 1302 locis
932 1235 1073 1320 spatium
1088 1254 1223 1302 vacuum

97 1337 233 1401 relictum
264 1345 329 1413 cst3
363 1336 446 1402 unde
476 1335 537 1402 boc
566 1357 691 1421 quoque
718 1358 781 1404 nou
809 1337 1060 1424 improbabiliter
1088 1338 1223 1420 colligas

96 1439 311 1524 apographum
334 1439 501 1525 archetypi
523 1440 613 1522 illud,
646 1461 688 1508 cx
708 1461 771 1524 quo
793 1441 1022 1508 Ambrosianus
1048 1439 1140 1507 fluxit
1167 1443 1220 1524 (a),

97 1543 274 1626 diligentius
305 1545 533 1629 transcriptum
549 1534 635 1611 ‘esse
663 1564 759 1628 quam
782 1544 880 1626 illud,
914 1544 999 1628 quod
1021 1545 1223 1612 Florentinus
1313 1530 1322 1550 ⁸

96 1645 186 1712 refert
207 1647 273 1732 (sl.
310 1645 413 1724 Quam
436 1646 647 1714 coniecturam
670 1668 711 1716 ex
734 1668 796 1715 nno
817 1649 878 1716 hoc
899 1649 968 1714 loco
989 1649 1117 1714 ductam
1137 1647 1226 1714 codi-

97 1767 160 1814 cum
190 1750 361 1818 lectionum
391 1770 526 1818 examen
556 1751 686 1818 minime
714 1751 822 1831 fallet;
862 1773 938 1818 nam
966 1759 1001 1817 ut
1027 1751 1087 1817 boc
1115 1751 1223 1844 statim

97 1853 302 1938 praecipiam,
335 1853 454 1922 codicis
475 1854 680 1922 Ambrosiani
703 1855 765 1922 etsi
786 1856 916 1922 saeculo
931 1855 992 1920 XV
1014 1854 1141 1921 demum
1165 1873 1222 1922 ex-

96 1957 170 2020 arati
192 1957 285 2042 plura
308 1965 382 2022 sunt
402 1957 530 2043 propria
552 1960 637 2026 bona
658 1978 755 2042 quam
777 1957 954 2025 Florentini
976 1977 1060 2026 saec.
1079 1959 1154 2024 XII.

176 2058 280 2126 Ceteri
299 2060 353 2142 qui
372 2060 434 2125 huo
448 2061 609 2146 pertinent
624 2061 686 2128 loci
701 2080 894 2146 quamquam
910 2081 973 2127 non
990 2061 1110 2146 pariter
1123 2080 1223 2145 quae—

98 2161 185 2228 stioni
214 2163 317 2228 lucem
348 2162 533 2245 affundent,
565 2165 686 2232 babent
706 2172 815 2231 tamen
837 2172 869 2230 ct
890 2164 963 2250 ipsi,
994 2184 1056 2247 quo
1078 2162 1222 2232 codicum

98 2264 357 2332 necessitudinem
379 2266 549 2333 illustrent.

176 2369 210 2434 P.
228 2370 334 2434 608sss
356 2369 486 2436 exhibet

214 2471 415 2538 Florentinus
438 2473 497 2539 ita:
792 2474 1022 2540 Ambrosianus
1044 2474 1105 2540 ita:

98 2573 148 2636 καί
163 2573 190 2638 εί
204 2597 266 2656 μεν
281 2563 319 2640 εὖ
331 2597 365 2640 τε
382 2582 440 2640 τῶι
455 2573 558 2660 λόγιοι
570 2601 628 2644 πι-,
681 2577 737 2641 καί
752 2575 782 2642 εἰ
796 2584 934 2660 μενεῦτε
955 2580 1029 2660 [ras.
1044 2596 1141 2662 supra
1156 2600 1171 2642 ε
1191 2579 1217 2658 1)

100 2673 234 2742 στεύειν·
262 2675 292 2742 εί
307 2676 342 2742 δε
355 2701 410 2764 μη,
433 2685 496 2744 νῦν
515 2676 629 2764 παρά·
679 2677 743 2746 lac.
766 2683 877 2746 9-10
900 2679 961 2745 litt.
984 2685 1030 2743 τῶ
1051 2677 1139 2768 λόγον
1163 2703 1222 2744 πι-

99 2783 212 2856 σχεσθε
233 2776 416 2865 μάρτυρας,
444 2780 475 2845 εί
495 2805 527 2845 τι
543 2788 628 2864 φεῦ·
680 2779 826 2847 στεύειν·
852 2781 936 2847 εἰδὲ
955 2779 1010 2868 μή,
1037 2789 1099 2848 νῦν
1114 2787 1221 2867 παρέ·

100 2877 150 2955 δος
165 2869 202 2968 ήν
221 2871 268 2946 ὧν
289 2881 490 2970 ἐλογισάμην
511 2877 624 2971 αὐτῆς.
680 2889 806 2967 σχεσθε
821 2883 1012 2971 μάρτυρας·
1037 2884 1069 2950 cl'
1089 2909 1122 2950 τι
1136 2891 1222 2968 ψεῦ-

679 2986 737 3064 δος
752 2976 793 3074 ήν
814 2979 860 3054 ὧν
882 2985 1085 3076 ἐλογισάμην
1105 2979 1217 3074 αὐτῆς.

101 3085 318 3155 Ambrosianus
339 3090 487 3154 lacunam
501 3090 535 3155 in
551 3090 735 3157 Florentino
753 3111 920 3178 perperam
936 3091 1148 3158 oblitteratam
1166 3112 1222 3158 ac-

101 3200 196 3256 curate
218 3191 369 3258 servavit.

175 3295 209 3358 P.
228 3297 495 3362 579ess=1soon
513 3303 632 3381 trapez.
659 3296 711 3380 §4
734 3295 835 3366 babes

229 3396 261 3462 in
284 3397 480 3464 Florentino:
806 3399 840 3465 in
862 3400 1089 3468 Ambrosiano:

101 3492 539 3586 ἔπείίύμησενᾶποδημησαι.
552 3498 626 3565 ἐπι·
680 3499 898 3589 ἐπεθύμησεν
908 3497 1126 3591 ἀποδημῆσαι
1139 3507 1142 3590 l
1156 3508 1217 3574 lac.

102 3596 626 3689 ὁημήσαςὸὲῦπατήρμοοδύσ
682 3605 888 3674 lb—l8litt.
916 3600 933 3671 ὁ
965 3595 1033 3694 {app
1064 3633 1131 3694 μου
1160 3608 1219 3676 orto

101 3708 171 3777 ναῦς
192 3711 259 3770 ποῦ
284 3705 316 3788 (l.
337 3709 440 3789 σίτοιή
467 3707 525 3771 καὶ
545 3704 628 3793 χρή·
678 3713 761 3784 ναῦς
783 3731 853 3775 που
878 3711 910 3794 (l.
930 3714 1034 3795 σίτου)
1061 3713 1119 3776 καί
1138 3711 1219 3802 χρή-

102 3825 180 3879 ματα
211 3803 288 3885 δοὺς
329 3806 521 3894 ἐξέπεμψεν
557 3802 626 3892 ἅμα
677 3834 768 3893 ματα
806 3809 884 3890 δοὺς
922 3811 1115 3898 ἐξέπεμψεν
1150 3809 1218 3902 ίίμα

102 3914 318 3995 κατεμπορίαν
332 3913 388 3976 καί
404 3916 564 3998 θεωρίαν.
677 3907 754 3978 κατ’
773 3912 942 4003 ἐμπορίαν
960 3917 1194 4004 aeternatur.

102 4003 189 4090 Vide,
220 4031 354 4094 quaeso,
387 4034 483 4096 quam
512 4022 631 4080 temere
654 4035 717 4082 vox
743 4015 954 4105 ἐπιδημήσας
980 4020 1013 4085 in
1035 4020 1219 4094 Florentino

102 4105 343 4196 interpolatorem
365 4125 414 4182 cst
426 4117 510 4182 enim
522 4117 673 4184 Isocratis
687 4120 858 4202 genuinum
875 4127 1026 4206 γεμίσας.
1051 4125 1130 4195 luco
1145 4125 1214 4201 lllo·

104 4214 204 4279 rentini
219 4217 362 4284 lectionis
377 4219 457 4287 tides
472 4221 708 4304 auctoritasque
724 4221 821 4287 etiam
842 4248 873 4311 p.
890 4231 995 4295 uttan
1011 4231 1136 4311 oottttit.
1164 4232 1216 4307 olo
