3006 4892
518 397 562 414 .-
609 363 693 447 [rac]
739 397 784 412 -
1178 363 1219 425 rs

81 550 248 618 editionis.
289 553 443 636 Singulae
465 559 573 620 autem
596 553 779 620 vetustioris
801 552 921 618 codicis
937 553 1074 637 paginae
1090 553 1130 615 38
1145 571 1220 616 ver-

81 675 142 720 sus
171 655 438 722 'lunchnituianos
467 656 756 741 comprehendunt,
788 655 918 738 singula·
943 655 1022 721 folia
1038 659 1107 732 =76;
1140 655 1219 718 Am-

81 758 225 823 brosiuni
254 759 353 842 igitur
381 759 481 825 hiatui
508 761 569 823 609
600 778 749 824 versuum
778 757 973 842 respondent
1003 757 1113 823 Slere
1141 755 1221 822 folia

82 861 269 926 vetustioris
285 861 416 927 codicis.
463 861 628 926 Intercidit
655 861 753 944 igitur
781 881 863 926 unus
893 858 1071 944 quaternio.
1118 859 1220 925 Simul

83 964 225 1047 spatium
248 964 282 1028 in
297 963 506 1030 Ambrosiano
528 983 664 1030 vacnum
688 964 832 1029 relictum
855 982 920 1029 non
935 963 1060 1042 scribae
1074 963 1216 1045 arbitrio,

84 1066 147 1130 sed
169 1067 344 1152 exemplari
368 1087 430 1149 quo
452 1068 481 1133 is
503 1067 651 1134 utebatur
673 1066 783 1133 deberi
805 1068 968 1152 probatur.
1014 1065 1120 1132 Unum
1139 1086 1220 1148 qna-

83 1168 260 1234 ternionem
284 1168 398 1236 deesse
426 1190 498 1235 cum
527 1190 569 1235 ex
591 1169 730 1236 numeris
752 1169 996 1252 quaternionum
1027 1169 1154 1240 notatis,
1186 1167 1219 1233 ni

85 1271 191 1350 fallor,
226 1271 301 1337 olim
324 1273 485 1355 cognitum
509 1278 606 1351 esset,
634 1271 698 1337 ium
721 1272 753 1336 in
777 1271 948 1340 vetustiore
970 1271 1079 1337 codice
1100 1271 1219 1336 iustum

84 1373 224 1457 spatium
239 1373 268 1438 ei
284 1373 479 1440 destinatum
495 1381 555 1440 est.
591 1373 713 1440 Similis
728 1373 928 1440 ratiocinatio
944 1373 984 1439 de
999 1375 1101 1439 altero
1115 1373 1216 1454 hiatu,

84 1497 150 1557 quo
172 1476 253 1542 liber
274 1477 314 1542 do
338 1477 563 1542 Demosthenis
585 1477 722 1544 diutione
749 1467 885 1560 insignis
907 1484 973 1558 est,
1007 1477 1078 1542 iniri
1101 1483 1216 1562 potest

84 1577 253 1644 Perierunt
282 1579 485 1646 Ambrosiani
519 1599 631 1645 versus
664 1584 741 1662 919,
778 1581 916 1664 paginae
945 1579 1220 1644 Tauchnitziunae

85 1681 154 1746 sere
172 1683 203 1762 9,
229 1679 307 1746 folia
329 1683 510 1748 vetustioris
532 1681 651 1747 codicis
674 1682 735 1748 tria
757 1690 790 1748 et
811 1681 978 1747 dimidium
1001 1682 1078 1747 fere.

173 1787 205 1846 6.
229 1783 355 1849 Titulus
378 1788 563 1849 Διονυσίου
586 1777 837 1870 άλικαρνασὲως
860 1785 940 1870 περὶ
969 1791 1027 1872 τῆς
1049 1784 1221 1870 δημοσθὲκ

84 1908 166 1961 νους
188 1885 318 1965 λέξεως.
359 1888 465 1953 Verbc
487 1891 673 1954 Διονυσίου
695 1881 946 1974 άλικαρνασέως
969 1887 1030 1954 etsi
1049 1887 1081 1952 in
1098 1908 1221 1955 summo

78 1988 165 2062 ,folio
188 1992 247 2052 95¹
267 2010 331 2055 non
346 1991 506 2073 leguntur,
532 1997 619 2056 certo
635 1997 742 2056 tamen
756 2011 797 2056 ex
813 1991 958 2056 1011091ν
976 1990 1037 2055 huc
1051 1989 1222 2056 reserenda

87 2099 171 2174 sunt,
198 2113 269 2156 oum
291 2094 480 2178 praesertim
510 2095 544 2158 in
572 2113 695 2160 summo
724 2093 800 2160 folio
828 2097 883 2157 97‘
909 2095 1021 2160 titulus
1049 2093 1134 2159 idem
1163 2115 1221 2159 ex-

87 2193 233 2260 hibeatur
266 2199 452 2261 Διονυσίου
489 2189 741 2280 άλικαρνασὲως
778 2195 857 2281 περὶ
893 2202 951 2282 τῆς
988 2195 1222 2282 δημοσθένους

88 2299 224 2378 λέξεως,
267 2297 309 2363 σί.
342 2319 374 2383 p.
404 2289 520 2362 112812'
545 2305 650 2363 ταῦτα
681 2287 882 2384 ὦκράτιστε
906 2293 1047 2382 Ἀμμαῖε
1077 2298 1222 2386 γράφειν

88 2399 224 2482 εἴχομέν
246 2422 301 2466 σοι
324 2403 423 2486 περὶ
444 2408 517 2487 τῆς
539 2406 856 2488 Δημοσθένους
878 2401 1043 2480 λέξειας.
1093 2401 1221 2468 Titulus
1315 2449 1317 2453 -

87 2503 194 2586 igitur,
235 2503 289 2586 qui
323 2504 418 2586 volgo
450 2503 678 2584 circumfertur,
717 2507 902 2568 Διονυσίου
934 2499 1223 2589 Ἁλικαρνασσέως
1249 2511 1252 2520 ¹

89 2606 167 2690 περὶ
205 2613 262 2692 της
300 2606 450 2691 λεκτικῆς
487 2609 734 2691 Δημοσθένους
771 2601 961 2692 δεινότητος
1000 2607 1221 2672 auctoritatem

87 2708 185 2773 habet
219 2710 350 2773 nullam.
397 2709 520 2774 Ductus
550 2708 675 2774 videtur
704 2729 776 2775 cese
791 2755 792 2760 κ
806 2729 847 2774 ex
876 2709 996 2776 ultimis
1026 2709 1120 2774 huius
1149 2709 1220 2774 libri

89 2811 194 2875 verbis
210 2808 270 2875 ἐὰν
286 2809 323 2875 δὲ
339 2808 427 2894 σώζῃ
443 2808 480 2875 τὸ
497 2808 674 2892 δαιμόνιον
689 2805 786 2898 ἡμᾶς,
806 2813 863 2875 καί
878 2813 977 2896 περὶ
992 2817 1065 2898 τῆς
1087 2835 1223 2896 πραγ-

88 2921 270 3000 ματικῆς
293 2907 422 2978 αὐτοῦ
446 2910 691 3000 δεινότητος
717 2965 723 2978 .
745 2965 751 2978 .
774 2966 780 2978 .
807 2913 844 2980 ἐν
858 2925 929 2989 τοῖς
952 2913 1027 3000 ἑξῆς
1049 2935 1223 3002 γραφησο-

88 3019 202 3096 μένοις
232 3010 458 3098 ἀποδώσομέν
488 3037 542 3080 σοι
569 3014 630 3081 τὸν
659 3013 772 3101 λόγον.
818 3017 916 3083 Liber
942 3016 1054 3101 incipit
1081 3018 1136 3082 sol.
1161 3020 1223 3081 98¹

89 3139 172 3183 vers.
200 3123 210 3181 1
247 3115 419 3206 <ττόλε>ων
447 3120 504 3183 καὶ
534 3116 575 3190 τὰ
605 3113 875 3205 ἀφυστερίζοντά
909 3143 978 3186 ιιου
1008 3117 1128 3186 πύστει
1157 3127 1223 3185 τῶν

90 3225 364 3305 1τρομενομίνων,
405 3221 536 3306 explicit
568 3222 624 3288 fol.
653 3225 728 3288 138*
757 3242 842 3289 vers.
875 3227 915 3288 24
951 3227 1223 3310 γραφησομένοις

90 3318 312 3406 ἀποδώσομέν
334 3345 390 3388 σοι
411 3319 471 3389 τὸν
493 3320 632 3409 λόγονε·
668 3327 708 3409 (p.
729 3327 988 3408 usur-titus).
1035 3325 1223 3410 Subscripta

90 3435 164 3492 sunt
185 3428 283 3493 haec:
324 3429 508 3492 Διονυσίου
531 3421 781 3512 άλικαρνασέως
808 3428 968 3515 περὶτῆς
990 3427 1224 3514 δημοσθένους

91 3529 209 3608 λέξεως
231 3531 340 3606 τέλος.
388 3529 488 3596 Foliis
517 3531 610 3596 rectis
631 3533 834 3614 1919-1389
861 3533 1049 3616 inscriptum
1073 3539 1122 3596 est
1145 3533 1224 3617 περὶ

91 3639 148 3718 της
169 3632 404 3720 δημοσθένους
427 3632 558 3714 λέξεως,
585 3633 670 3700 soliis
688 3635 789 3700 versis
812 3634 888 3700 inde
910 3656 930 3699 a
950 3633 1026 3699 folio
1042 3638 1097 3698 97*
1121 3655 1223 3718 usque

92 3735 134 3799 ad
159 3740 230 3801 137*
255 3736 399 3820 exceptis
422 3735 508 3802 iuliis
527 3740 602 3800 122⁰
624 3744 656 3802 et
682 3740 754 3806 138v
778 3737 951 3802 διονυσίου
973 3730 1223 3822 άλικαρνασέως

177 3843 207 3903 7.
231 3839 359 3904 'litulus
375 3835 556 3914 Διονύσιος
570 3835 723 3920 Ἀμμαίω
746 3846 793 3902 τῶ
816 3837 966 3922 φιλτάτω
990 3840 1133 3904 πλείστα
1147 3842 1224 3919 χαί-

93 3963 163 4025 ρειν
204 3941 322 4024 Incipit
337 3941 407 4005 tol.
437 3944 515 4005 139‘
543 3960 627 4006 vers.
656 3947 669 4003 1
703 3941 847 4007 Πολλῶν
875 3936 945 4024 μετ’
978 3937 1090 4006 άλλων
1118 3941 1223 4020 ξένων

95 4041 128 4105 τὲ
149 4045 204 4106 καὶ
226 4039 444 4127 παραδόξων,
471 4044 602 4126 explicit
622 4044 675 4109 sul.
698 4049 777 4108 146¹
799 4061 882 4110 vers.
905 4047 942 4108 19
971 4047 1063 4126 (vers.
1084 4045 1217 4124 itt-19)

95 4143 211 4222 ἱκανῶς
234 4141 344 4210 άποδι
361 4149 364 4230 i
383 4145 522 4227 δεῖχδαι
538 4151 541 4230 Ι
558 4150 638 4230 νομί
653 4145 657 4232 i
677 4145 722 4226 ζω
735 4173 762 4210 :·
785 4151 825 4232 (p.
845 4149 1086 4230 7191-71911).
1139 4145 1220 4211 Sub-

93 4249 239 4315 scribitur
269 4251 454 4314 Διονυσίου
487 4242 625 4330 άμμαίω
653 4253 700 4334 (αι
728 4269 822 4328 coru,
855 4248 915 4316 tuit
943 4249 964 4332 ι)
995 4254 1040 4311 τῶ
1070 4244 1221 4334 φιλτάτω
