2998 4896
261 359 305 424 52
698 397 740 406 -
789 359 885 442 [res]
932 397 974 406 -

262 555 316 636 qui
343 577 453 621 uersus
475 556 521 620 sie
543 578 563 619 s
584 555 625 618 ΒΘ
649 555 832 620 truduntur:

813 652 882 724 οἶδ’
907 650 972 743 lyei
994 660 1052 723 καὶ
1075 650 1115 745 δὴ
1137 654 1248 744 πόρον

395 767 433 832 ἐκ
455 775 518 834 τοῦ
542 763 777 853 Παλαμήδους·
803 759 849 844 ὡς
873 763 1001 842 ἐκεῖνος
1023 757 1083 842 τὰς
1104 760 1235 841 πλάτας

394 870 484 959 ῥίψω
506 870 657 960 γράφων.
675 866 756 938 ,ἀλλ’
779 864 820 937 σά
842 868 997 958 πάρεισιν
1021 869 1056 936 αἱ
1077 867 1210 936 πλάται.

393 975 507 1046 πάθεν
531 968 594 1045 οὖν
616 971 743 1064 γένοιτ’
767 973 810 1045 ἄν
831 1003 889 1063 μοι
911 974 1048 1053 πλάται;
1071 974 1184 1044 πόθεν
1208 979 1246 1062 [ψ
1258 981 1314 1061 -]

392 1086 425 1149 τί
449 1078 483 1150 d'
507 1079 559 1164 άν,
583 1085 612 1150 εἰ
635 1087 713 1151 radi
735 1076 916 1170 τάγάλματ’
939 1077 1016 1150 άντὶ
1038 1091 1109 1150 τῶν
1132 1089 1273 1150 πλατῶν

391 1188 533 1276 γράφων
559 1193 799 1278 διαρρέπτοιμις
821 1191 956 1272 βέλτιον
978 1187 1076 1257 πολύ.

392 1295 494 1380 ξύλον
516 1298 554 1384 γέ
575 1323 629 1364 τοι
653 1301 711 1363 καὶ
733 1305 839 1363 ταῦτα
863 1290 994 1362 κάκεῖν’
1017 1286 1059 1385 ἧν
1083 1294 1193 1379 ξύλον.

258 1403 320 1469 Vbi
353 1404 452 1470 uerba
486 1406 542 1470 ilie
577 1398 648 1470 ἀλλ’
676 1398 718 1469 οὐ
753 1401 908 1490 πάρεισιν
941 1401 975 1469 αἱ
1005 1401 1129 1470 πλάται
1163 1405 1247 1470 haud
1274 1425 1410 1488 paruam

258 1511 336 1576 uiris
372 1513 473 1576 doetis
509 1511 661 1576 offensam
697 1512 926 1594 praebuerunt:
967 1511 1145 1576 Brunekius
1181 1506 1314 1596 πάρεισί
1352 1531 1410 1593 μοι

258 1619 404 1693 coniecit,
427 1639 485 1682 nee
507 1639 570 1682 uon
595 1619 787 1683 Fritzsehius
810 1623 938 1683 ιιαναέιιτ
960 1639 1000 1682 αα
1021 1614 1176 1702 πάρεισιν
1198 1618 1410 1700 grammatico

258 1723 359 1788 alicui
389 1724 549 1802 debeatur,
579 1724 810 1804 Aristophanes
843 1729 947 1789 autem
979 1725 1142 1805 scripserit
1173 1716 1245 1788 ἄλλ’
1273 1717 1315 1787 οὐ
1345 1718 1410 1807 γάρ

258 1829 342 1895 εἰσιν
370 1827 404 1894 αἱ
430 1826 564 1896 πλάται.
621 1831 725 1909 Quare
757 1853 827 1896 cum
855 1833 950 1895 etism
977 1832 1010 1896 in
1038 1831 1079 1895 ΒΘ
1106 1851 1217 1896 uersus
1245 1831 1410 1913 sequentis
1458 1821 1461 1828 ’

257 1937 352 2020 (772)
389 1937 521 2000 ultimus
552 1958 608 2020 pes
641 1938 839 2002 desideretur
850 1941 888 2023 ¹),
920 1939 1025 2002 neseio
1056 1958 1098 2002 eu
1130 1936 1231 2001 uerba
1263 1927 1338 2000 ἀλλ’
1369 1925 1411 2000 σά

256 2039 412 2127 πάρεισιν
440 2041 472 2107 αἱ
500 2039 626 2108 πλάται
654 2042 695 2124 (v.
720 2044 801 2128 771)
829 2051 861 2108 et
888 2039 1001 2110 πάθεν
1030 2045 1179 2126 (exeunte
1206 2063 1300 2105 uersu
1327 2041 1410 2112 772)

257 2149 447 2232 interpoletur
466 2150 537 2214 siut
584 2149 667 2227 Quid
686 2151 770 2212 enim
789 2149 867 2214 hese
884 2149 984 2214 uerba
1001 2150 1150 2213 utilitatis
1168 2155 1225 2212 aut
1242 2149 1410 2231 augmenti

256 2255 306 2320 his
324 2256 469 2319 uersibus
488 2255 645 2320 efferunt?
669 2255 769 2320 immo
788 2255 829 2320 eb
849 2257 1079 2338 interpolatore
1097 2277 1136 2318 ex
1153 2255 1193 2318 iis
1207 2254 1284 2337 ipsis
1298 2253 1410 2317 uerbis

256 2381 336 2444 quse
355 2362 479 2444 integre
499 2361 620 2426 tradita
639 2369 730 2426 erent
748 2361 878 2426 formeri
896 2367 993 2443 atque
1011 2359 1122 2444 refingi
1142 2365 1304 2444 poterant3
1329 2359 1410 2443 quid

256 2467 339 2530 enim
362 2468 448 2532 eliud
472 2468 533 2532 sibi
557 2467 626 2532 uult
649 2460 721 2532 ἄλλ’
740 2461 782 2532 οὔ
804 2463 959 2552 πάρεισιν
979 2463 1012 2532 αὶ
1035 2463 1158 2532 πλάται
1177 2487 1272 2548 quam
1290 2461 1410 2532 πόθεν

256 2560 318 2637 οὖν
339 2565 482 2656 γένοιντ’
501 2567 543 2637 άν
566 2597 622 2656 μοι
645 2569 816 2651 πλάται;7
843 2575 886 2638 Et
904 2571 1018 2638 πόθεν
1038 2574 1115 2638 illud
1135 2575 1240 2638 uersui
1260 2573 1326 2636 772
1348 2575 1409 2638 ad-

254 2679 444 2762 glutinatum
473 2679 589 2762 frigide
616 2681 787 2762 repetitum
815 2685 871 2744 est
923 2679 1029 2744 Verba
1056 2680 1090 2743 τί
1118 2672 1151 2745 d'
1178 2671 1231 2758 ἂν,
1260 2677 1289 2742 εἰ
1316 2701 1409 2756 uere,
1497 2765 1498 2772 ρ

255 2806 335 2868 quae
367 2786 589 2850 desiderantur
620 2787 706 2869 apud
738 2785 881 2862 Suidem,
913 2788 1050 2868 genuine
1083 2807 1150 2850 esse
1178 2785 1409 2868 Aristophanis

253 2891 352 2956 uerba
375 2891 638 2968 existimabimus,
668 2913 739 2956 uum
764 2893 881 2957 similis
903 2892 1049 2974 legantur
1072 2891 1152 2956 Nub.
1180 2893 1242 2955 154
1270 2893 1303 2956 τί
1329 2885 1409 2978 δῆτ’

254 2991 307 3076 ἄν,
336 2994 452 3083 ἕτερον
475 2997 504 3062 εἰ
527 2996 655 3063 πύθοιο
663 3019 673 3076 ;
702 2997 782 3062 Nub.
810 2999 895 3064 1445
918 3000 951 3062 τί
975 2989 1018 3076 δ’,
1045 2989 1086 3084 ἢν
1111 2995 1197 3082 ἔχων
1220 2988 1282 3062 τόν
1311 2990 1409 3083 ἥττω

253 3099 356 3186 λόγον
380 3122 414 3169 σε
439 3101 585 3189 νικήσαι,·
609 3103 678 3186 Lys.
699 3105 762 3168 366
786 3105 819 3168 τί
843 3096 887 3182 δ’,
910 3096 952 3190 ἢν
976 3105 1094 3169 σποδῶ
1115 3118 1186 3180 τοῖς
1205 3099 1409 3184 κονάύλοις;

253 3209 401 3293 Suspicor
434 3212 533 3293 igitur
565 3212 597 3273 in
625 3231 723 3274 uuum
752 3209 986 3275 contrahendos
1014 3232 1081 3276 esse
1108 3233 1153 3275 vv.
1183 3211 1255 3274 771.
1277 3210 1344 3273 772
1374 3217 1408 3273 et

253 3316 469 3381 scribendum:

341 3417 431 3506 ὁὶψοο
455 3417 606 3506 γράψων.
639 3417 752 3488 πάθεν
776 3410 839 3487 οὖν
861 3413 1006 3507 γένοιντ’
1029 3414 1072 3486 άν
1094 3445 1150 3506 μοι
1173 3418 1307 3488 πλάται.

253 3529 363 3592 Altera
393 3551 440 3592 vv.
461 3529 534 3593 770.
552 3529 590 3592 71
626 3529 729 3594 forme
760 3535 792 3593 et
819 3551 858 3594 ee
884 3530 1122 3613 eorruptissimu
1148 3550 1169 3593 a
1196 3527 1295 3593 Suida
1317 3551 1343 3594 s.
1364 3531 1406 3614 gl.

251 3630 369 3720 Πλάτη
392 3641 520 3700 seruate
544 3643 604 3700 est:

536 3731 651 3824 ὥσπερ
676 3738 877 3828 Παλαμήδης
900 3733 959 3818 τάς
982 3738 1111 3820 πλάτας

536 3844 626 3930 ῥίψω
650 3845 791 3932 γράφων
816 3851 995 3931 Νανπλὶῳ;

252 4062 464 4070 ——--—-

326 4219 344 4282 ¹)
363 4212 466 4271 πλάται
486 4217 628 4287 suppleuit
642 4218 774 4287 Engerus,
795 4213 915 4289 γένοιντ’
935 4211 970 4272 dv
988 4214 1081 4292 άθλέῳ
1100 4219 1219 4274 coniecit
1233 4221 1403 4286 Branchus,

252 4301 372 4374 γένοιντ’
392 4300 428 4359 άν
448 4323 496 4372 μοι
516 4301 624 4370 πλάτας
647 4309 761 4377 testem
785 4303 895 4372 ntem
919 4307 1085 4363 Diudorfius.
1123 4309 1252 4363 Ceterum
1276 4306 1403 4378 γένοιντ’

251 4411 285 4448 ex
305 4395 405 4449 Suidee
425 4411 557 4463 peruerse
576 4396 712 4464 scripture
732 4392 871 4466 γ’έκιιντο
891 4397 1047 4452 restitutum
1068 4405 1110 4450 est
1129 4414 1178 4466 pro
1197 4395 1302 4466 γένοιτ’
1322 4399 1360 4453 R.
