3010 4896
703 336 742 346 -
791 296 886 380 [ιω]
935 334 975 344 -

427 495 491 558 783
515 494 704 578 φροντίζεις
727 493 864 558 Μ-ΓΘΛ
887 513 944 574 pro
968 492 1149 576 φροντίζει,

427 602 493 666 814
518 599 651 686 ε’ποίησε
676 599 846 667 M-V-P·A
869 620 927 681 pro
951 597 1116 683 ἐποίησεν.
1143 635 1183 644 -

357 797 423 863 Νοο
445 797 560 862 desunt
583 797 643 862 loci
666 795 826 872 nonnulli,
854 795 967 878 quibus
990 793 1127 858 Suidas
1150 792 1251 858 solus
1278 793 1407 874 genui-

268 927 349 970 nam
377 905 606 989 scripturam
633 903 778 979 seruerit,
800 901 1026 966 Ambrosianus
1049 921 1126 966 uero
1154 921 1218 964 une
1240 921 1312 964 cum
1334 898 1407 963 reli·
1491 885 1492 954 l

268 1015 339 1096 quis
360 1010 451 1076 libris
474 1009 695 1094 manuscriptis
718 1008 833 1074 leuiter
855 1009 1061 1084 eberreuerit,
1083 1007 1171 1072 uolut

357 1140 385 1182 v.
418 1117 483 1181 254
516 1113 670 1201 ἔφευγεν,
707 1116 790 1200 quod
823 1121 957 1180 metrum
990 1113 1127 1198 flagitet,
1163 1113 1248 1197 aliud
1280 1113 1408 1178 Suidsm

268 1227 420 1309 reperies,
457 1246 527 1289 cum
558 1225 600 1288 M
631 1243 693 1288 uns
724 1244 795 1286 eum
831 1222 961 1310 reliquis
997 1221 1139 1288 codicum
1171 1220 1299 1285 familiis
1332 1219 1409 1284 salso

269 1329 392 1417 ἔφυγεν
415 1337 579 1397 σκοπείτω
602 1330 727 1394 habeat

358 1438 438 1503 Tum
474 1460 502 1502 v.
537 1437 601 1502 278
634 1436 747 1502 Suides
784 1456 854 1500 eum
887 1433 1005 1500 scholio
1043 1435 1102 1500 Vc
1134 1433 1322 1519 ίνδείκνυμι
1355 1436 1411 1499 καί

269 1546 392 1628 φαίνωΙ
418 1539 626 1610 ἐνδεικνύναι
650 1541 686 1607 δὲ
710 1538 824 1625 ἔλεγον
846 1531 887 1606 τὸ
910 1541 1145 1624 καταγγέλλειν
1168 1533 1243 1606 τινὰ
1266 1563 1408 1623 κακουρ-

269 1659 394 1736 γοῦντα
416 1653 494 1734 περί
516 1644 558 1715 τὰ
581 1645 680 1716 κοινά
703 1671 812 1714 uocem
839 1647 1136 1732 indelxvvpe·rocte
1160 1650 1304 1724 retinuit,
1327 1649 1410 1712 unde

269 1758 429 1842 profectus
447 1749 631 1841 'vdelxvvpr
652 1753 836 1822 Dindorfius
858 1777 916 1838 pro
940 1755 1074 1838 simplici
1098 1756 1248 1838 δείκνυμι
1266 1755 1411 1836 codicum

270 1865 475 1948 Aristophani
498 1863 646 1930 restituit

359 1994 386 2036 v.
412 1972 476 2036 292
505 1963 765 2056 ἀσκαρδαμυκτί,
796 1991 890 2052 quem
918 1968 1050 2034 formem
1082 1969 1174 2034 unice
1205 1989 1312 2033 ueram
1345 1989 1411 2032 esse
1491 1981 1492 2048 ζ

270 2079 378 2144 docuit
397 2077 608 2160 Goettlingius
618 2079 654 2165 ¹),
677 2076 854 2142 Meiuehius
872 2075 1078 2161 Aristophani
1100 2075 1254 2151 restituit,
1280 2075 1412 2140 eandem

270 2184 383 2251 Suidss
406 2207 429 2250 ε.
452 2185 492 2269 gl.
516 2178 776 2269 Άσκαρδαμυκτί
799 2183 953 2261 seruauit,
981 2182 1104 2248 codices
1128 2175 1413 2267 εἰσκαρδομύκτως

271 2293 394 2360 Mem
426 2285 702 2377 ἀσκαρδάμυκτος
728 2291 857 2356 R-V-A
892 2311 951 2356 sec.
967 2294 1000 2354 Γ
1028 2311 1087 2356 seo.
1102 2291 1167 2355 ΔΡ
1199 2289 1302 2354 minus
1333 2288 1413 2354 bone

271 2404 434 2465 exaratum
456 2397 583 2464 habent.

359 2529 386 2571 r.
406 2506 468 2572 991
490 2509 604 2587 λαβεῖν
618 2505 735 2571 Suidsc
753 2505 995 2589 praeferendum
1014 2509 1062 2570 est
1079 2503 1149 2569 uoci
1166 2508 1301 2586 μαθεῖν,
1319 2525 1413 2585 quem
1491 2489 1492 2560 J

272 2615 305 2680 in
332 2613 476 2709 omnibus
504 2614 664 2679 codicibus
693 2634 731 2678 ex
757 2635 835 2678 uoce
865 2617 989 2696 μαθεῖν
1017 2633 1126 2676 uersus
1153 2609 1219 2674 995
1251 2611 1413 2694 irrepsisse

273 2722 396 2785 monuit
427 2721 597 2796 Porsenus3
634 2721 716 2786 hanc
747 2720 863 2786 Suidee
900 2721 1087 2804 scripturam
1128 2724 1242 2802 poetes
1274 2717 1414 2782 restituit

274 2827 502 2916 Dindorfium).

361 2935 482 3001 Eodem
504 2935 609 3000 nescio
633 2957 673 2999 un
696 2935 853 3000 trahendo
875 2935 947 3010 sint,
969 2954 1051 3017 quac
1073 2932 1158 3016 apud
1176 2929 1307 2996 Suidem
1331 2952 1355 2994 s.
1374 2930 1413 3013 gl.

273 3043 407 3128 Κοπρία
434 3043 474 3106 ed
502 3063 611 3108 uorsus
638 3041 704 3106 294
737 3041 802 3105 295
829 3040 1022 3123 pertinentia
1049 3039 1210 3122 leguntur:
1225 3117 1229 3124 .
1242 3037 1367 3121 κοπρία
1395 3029 1413 3100 ὁ

272 3145 390 3235 πηλός·
410 3150 467 3214 καὶ
486 3140 734 3234 Ἀριστοφάνης
754 3141 1005 3233 κοπροφορήσω
1025 3138 1064 3226 σ’,
1081 3145 1112 3210 εί
1124 3169 1155 3210 τι
1174 3139 1310 3229 γρύζεις.
1341 3135 1413 3207 ἄντί

273 3263 346 3336 τοῦ,
369 3255 397 3320 εί
416 3251 576 3343 λαλήσεις,
599 3250 732 3338 κόπρου
752 3273 814 3321 σου
836 3247 1074 3340 καταφορήσω,
1096 3250 1262 3330 τουτέστι,
1284 3245 1415 3334 κόπρου

274 3357 452 3449 κληρώσω.
489 3362 604 3428 Diffcrt
627 3363 724 3446 igitur
743 3361 855 3428 Suidas
874 3361 920 3426 ita
942 3360 983 3426 ab
1002 3359 1210 3426 Ambrosisno
1234 3364 1266 3422 et
1288 3357 1417 3439 reliquis

274 3470 443 3546 codicibus,
466 3476 503 3534 ut
520 3464 684 3556 ypdgeffl)
708 3491 771 3534 non
788 3490 916 3534 uersum
934 3467 999 3532 294
1018 3469 1073 3533 sed
1090 3487 1217 3530 uersum
1241 3463 1307 3528 295
1329 3463 1414 3528 clau-

275 3579 337 3643 dat
383 3577 546 3661 Leguntur
569 3577 652 3642 enim
675 3577 777 3642 sicin
800 3575 1022 3658 Aristophanis
1045 3573 1219 3639 codicibus:

231 3691 235 3698 x
522 3703 610 3784 Παφ.
636 3697 830 3787 διαφορήσω
855 3693 894 3780 o',
918 3700 948 3765 εί
969 3723 1002 3765 τι
1024 3693 1192 3784 γρύξειίς).

520 3799 599 3874 Άλλ.
624 3801 873 3894 κοπροφορήσω
899 3799 937 3886 u’,
961 3807 990 3871 εί
1012 3802 1172 3892 λαλήσεις.

276 3933 364 4000 Solet
386 3939 493 3998 eutem
516 3934 549 3998 in
567 3933 692 4016 dialogo
711 3934 794 3998 inter
812 3933 984 3998 isiciarium
1005 3939 1036 3997 et
1055 3931 1289 4014 Paphlagonem
1309 3927 1417 3992 habito

349 4203 368 4269 ¹)
389 4203 425 4256 sd
444 4201 578 4254 Theodos.
598 4199 747 4254 Gremmut.
768 4215 811 4268 pg.
832 4198 950 4254 2301v.

348 4291 369 4357 ³)
388 4291 476 4361 praef.
495 4308 539 4360 pg.
560 4291 593 4343 X.

349 4381 370 4450 ⁸)
388 4379 510 4438 correxit
527 4379 675 4436 Elmsleius
694 4379 722 4434 in
742 4373 848 4449 γρύξει,
868 4378 903 4432 cf.
923 4393 1013 4452 snpre.
