3010 4896
513 356 548 366 -
595 318 690 403 [121]
737 357 779 368 -
1163 281 1210 386 ἰι

91 509 234 576 Plutarchi
252 511 428 578 narrationi
444 515 512 578 seri
529 514 724 580 dissimiliori
742 512 838 580 fidem
851 514 1085 600 denegabimus.
1112 517 1210 596 Quem

90 615 235 682 Plutarchi
258 639 394 685 errorem
418 619 547 686 Grotius
557 621 583 706 1)
607 623 652 686 sic
678 623 905 706 interpretatus
929 642 996 688 esse
1018 623 1152 701 videtur,
1174 627 1211 688 ut

89 743 168 788 riores
184 724 323 790 noudum
340 727 433 809 plane
452 731 627 794 exstructas
644 750 665 793 a
677 728 840 813 Lysandro
860 729 1039 795 combustas
1057 751 1124 796 esse
1143 730 1211 814 opi-

89 836 210 896 naretur.
247 831 337 898 Hanc
354 834 396 899 ad
419 835 597 918 opinionem
620 835 673 900 ille
692 837 737 900 eis
760 836 837 902 locis
855 837 922 902 sinc
940 836 1037 902 dubio
1056 837 1211 904 adductus

88 945 139 1014 cst,
158 937 211 1002 ubi
238 939 369 1022 legimus
400 941 533 1025 triginta
559 942 642 1007 uiros
669 941 793 1007 novalia
819 941 1018 1008 demolienda
1047 943 1211 1029 looasee.²)

88 1043 139 1108 Sed
166 1066 320 1129 nusquam
346 1048 522 1131 accepimus
548 1069 643 1114 naves
670 1048 870 1132 imperfectas
892 1050 925 1113 in
952 1041 1117 1116 naualibus
1143 1056 1212 1116 tum

87 1153 223 1236 temporis
250 1153 407 1219 exstitisse
433 1175 535 1239 neque
561 1155 719 1219 navalium
742 1155 892 1221 uocabulo
919 1177 983 1220 una
1009 1156 1212 1241 compreheu-
1289 1207 1301 1236 ,

87 1259 191 1324 duntur
216 1282 319 1326 naues.
370 1261 431 1327 Sed
464 1267 500 1326 ut
530 1260 591 1326 hoo
617 1283 741 1345 quoque
769 1261 961 1328 coucedatur
992 1265 1118 1329 naualia
1148 1285 1212 1328 unu

85 1387 146 1430 cum
169 1366 301 1433 navibus
327 1369 467 1432 nondum
492 1367 640 1452 perfectis
669 1368 868 1434 demolienda
895 1368 998 1435 locata
1026 1391 1106 1436 osse:
1137 1391 1212 1435 num

86 1473 239 1539 verisimile
262 1480 311 1540 est
333 1497 386 1540 eos
409 1476 463 1559 qui
486 1476 714 1552 conduxerant,
737 1474 862 1541 tabulas
889 1476 1058 1560 trabesque
1085 1477 1212 1542 nemum

85 1580 296 1646 combussisse?
341 1579 436 1646 Nullo
458 1582 557 1666 igitur
580 1584 647 1647 iure
666 1582 804 1660 Grotius,
826 1589 863 1649 ut
884 1583 991 1668 aliquo
1014 1583 1107 1649 modo
1126 1605 1212 1649 erro-

85 1707 142 1751 rem
166 1688 328 1753 Plutarchi
360 1688 544 1772 explicaret,
576 1689 663 1754 illam
694 1690 871 1772 opinionem
905 1689 1046 1773 protulit.
1099 1690 1213 1774 Itaque

85 1795 242 1859 tenendum
262 1801 310 1860 est
328 1802 360 1860 et
377 1794 582 1860 Plutarchum
605 1797 638 1861 in
657 1818 761 1860 errore
779 1797 899 1862 versari
921 1818 979 1862 nec
995 1815 1053 1862 nos
1074 1817 1214 1862 errorem

85 1901 229 1984 explicare
251 1922 352 1984 posse,
374 1903 434 1968 nisi
454 1901 609 1987 Scipionis
627 1902 802 1987 exemplum
824 1903 866 1968 ad
888 1903 1087 1989 Lysandrum
1109 1909 1212 1970 trans·

33 2045 36 2054 =
86 2007 173 2072 lutum
195 2009 384 2096 dieamus³)

162 2113 227 2180 Iam
241 2121 279 2180 ut
297 2117 338 2180 ad
356 2118 495 2180 virorum
512 2117 711 2199 popularium
727 2121 888 2201 captorum
903 2121 1025 2201 tompus
1039 2118 1213 2193 redeamus,

84 2219 170 2286 serbe
183 2221 295 2306 Lysiae
316 2215 429 2310 ἐπειδὴ
447 2213 510 2309 γὰρ
530 2220 654 2289 ἐκεῖνοι
673 2223 923 2310 συλληφθέντες
941 2221 1116 2310 ἐδέθησαν,
1135 2218 1213 2288 τότε

83 2330 133 2392 καὶ
159 2319 176 2392 ὁ
200 2324 395 2415 Λύσανδρος
423 2327 469 2407 εἰς
495 2319 575 2407 τοὺς
601 2327 736 2414 λιμένας
762 2329 965 2396 κατέπλευσε
993 2331 1050 2394 καὶ
1077 2325 1112 2394 αἱ
1138 2336 1214 2415 νῆες

84 2430 116 2495 αἱ
135 2426 283 2521 ὑμέτεραι
303 2436 579 2520 Λακεδαιμονίοις
600 2432 841 2524 παρεδόθησαν
864 2439 921 2502 καὶ
942 2427 984 2500 τὰ
1006 2436 1095 2521 τείχη
1117 2457 1214 2499 κατε-

84 2537 185 2628 σκάφη
207 2544 263 2608 καὶ
282 2539 316 2608 ol
338 2538 520 2626 τριάκοντα
537 2541 742 2631 κατέστησαν
762 2542 864 2629 (ΧΙΠ,
877 2541 945 2628 34),
968 2541 994 2606 si
1016 2541 1110 2606 modo
1128 2545 1214 2607 recte

83 2647 303 2730 disputavimus
326 2669 420 2715 naves
443 2651 552 2716 statim
574 2655 647 2733 post
673 2671 783 2734 paoem
805 2656 965 2734 acceptam
988 2649 1124 2714 traditos
1146 2669 1215 2712 mu·
1332 2641 1335 2647 ’

85 2773 185 2838 rosque
208 2756 309 2822 deleri
331 2761 459 2840 coeptos
483 2777 559 2833 esse,
581 2755 754 2822 clarissime
776 2756 919 2822 indicant
942 2757 1024 2822 viros
1047 2754 1215 2839 populares

84 2867 150 2926 aute
175 2883 283 2946 paoem
312 2862 428 2928 factam
456 2869 564 2948 captos
593 2883 668 2928 csse.
713 2861 760 2926 Ac
782 2863 810 2926 si
833 2863 904 2948 quis
927 2862 1061 2940 dubitet,
1088 2864 1116 2928 is
1139 2882 1214 2927 con-

86 2967 204 3046 sideret,
235 2969 334 3036 verbe
359 2965 438 3035 τότε
464 2970 521 3035 καλ
554 2970 697 3053 graviter
725 2991 762 3034 ao
789 2969 985 3035 sollemniter
1010 2969 1216 3052 pronuntiata

84 3095 157 3152 esse,
183 3079 229 3142 ita
255 3082 293 3141 ut
320 3097 383 3140 non
411 3077 558 3142 uideatur
584 3075 729 3153 dubium,
760 3076 838 3158 quin
865 3077 905 3142 de
931 3075 1033 3160 primo
1060 3075 1215 3160 Lysandri

84 3181 209 3248 aduentu
236 3184 387 3267 loquatur
414 3184 533 3268 Lysias.
578 3181 660 3248 Nam
682 3181 709 3248 si
737 3181 873 3247 alterium
900 3181 1112 3266 intellegeret,
1139 3181 1215 3265 quid
1264 3180 1270 3190 ’

84 3307 153 3370 opus
174 3297 242 3355 erat
270 3281 556 3374 gravibus-uerbis
570 3309 712 3366 narrare,
735 3293 804 3353 tum
826 3309 899 3354 vero
922 3289 1125 3374 iuPiraeum
1147 3307 1215 3354 esse

84 3393 228 3462 inuectum
260 3396 595 3482 Lysandrum,.quasi
627 3396 805 3462 inauditum
837 3393 958 3460 facinus
988 3417 1083 3460 ausus
1114 3393 1216 3460 essct?

85 3499 191 3568 Contra
217 3504 274 3569 illa
302 3502 399 3570 uerba
422 3504 462 3569 de
486 3525 523 3570 eo
550 3511 705 3587 tompore,
734 3523 794 3587 quo
822 3501 958 3586 primum
984 3523 1023 3568 ex
1044 3500 1217 3567 Athenien-

84 3741 114 3798 τὰ
128 3747 222 3822 μακρὰ
241 3751 330 3820 σκέλη
350 3753 398 3806 καὶ
417 3747 453 3806 τὰ
471 3752 548 3822 τείχη
568 3755 618 3806 τοῦ
634 3752 777 3822 Πειραιῶς
795 3750 938 3820 περιελεῖν
954 3749 1003 3803 καλ
1021 3743 1132 3818 μακρὰς
1150 3749 1217 3810 ναῦς

82 3831 113 3900 ai
133 3837 218 3894 πλέον
235 3835 312 3910 ἔχειν
327 3837 396 3894 δέκα
410 3840 497 3908 (XIII,
508 3842 568 3905 107,
579 3841 614 3905 4).
642 3839 778 3894 Diodorus
796 3837 882 3908 igitur
900 3844 948 3894 aut
967 3837 1070 3894 errauit
1088 3842 1136 3893 aut
1155 3852 1217 3891 cum

84 3923 257 3999 chsclingio
276 3946 327 3999 pro
346 3925 415 3983 δέκα
434 3929 609 3986 scribendum
628 3923 747 3983 δώδεκα.
1217 3999 1222 4006 -

167 4019 184 4080 Ι)
199 4019 266 4074 Vlll
285 4036 312 4088 p.
328 4019 370 4073 al.
411 4017 466 4072 ilie
484 4017 644 4087 unfinirhed
661 4018 735 4086 ships
753 4018 784 4072 in
802 4017 846 4072 tlte
865 4016 1019 4088 doecyarue
1036 4033 1106 4072 were
1124 4017 1217 4085 barat,

83 4103 137 4157 aud
154 4105 194 4162 tue
211 4109 338 4163 orsenule
356 4107 509 4162 θιαιιειῑαιι
527 4106 638 4162 raised.

165 4195 185 4262 ¹)
201 4197 283 4252 Isocr.
302 4197 365 4262 VII,
385 4197 426 4252 66.
464 4197 527 4266 Lys.
547 4196 676 4265 x11,99;
696 4195 772 4261 ΧΙΠ,
791 4196 839 4264 46;
859 4195 948 4262 XXX,
967 4195 1009 4248 22.

165 4283 185 4352 ³)
201 4286 345 4342 Plutarchi
369 4300 489 4340 errorem
518 4286 602 4342 verbo
625 4290 723 4341 notant
746 4284 932 4343 Stedel'cldtuu
954 4283 983 4338 in
1006 4281 1104 4337 Philet
1124 4280 1219 4334 XXIX

83 4383 105 4434 P·
123 4371 174 4428 23⁵1
192 4374 252 4431 adu.
273 4377 309 4432 λλ
328 4381 356 4433 et
375 4375 533 4445 Poehligius
552 4393 579 4447 p.
597 4375 650 4430 297
669 4374 731 4429 adn.
751 4374 795 4430 49.
