3034 4896
573 325 789 385 ,57-

117 504 309 572 mordiornm
323 506 409 573 faeta
423 528 463 575 ne
480 527 598 590 genera
614 509 742 591 quidem
758 509 861 594 ipsius
876 508 961 593 ignis
973 509 1064 576 varia
1079 510 1248 576 exsistant.

115 608 197 674 Num
235 629 305 675 enm
343 610 462 677 dietum
500 619 549 678 est
587 611 700 678 eadem
744 612 919 696 primordio
955 614 1051 699 paulo
1094 613 1178 679 inter
1214 632 1248 678 se

114 719 236 777 mutata
259 732 367 780 oreore
389 714 483 798 ignes
505 722 537 780 et
559 715 691 799 lignum,
718 735 781 782 non
804 715 843 781 de
867 716 957 782 novis
976 715 1167 799 quibusdam
1183 717 1249 800 pri-

114 815 245 880 mordiis
273 816 429 883 addendis
452 819 504 883 vel
532 817 572 885 de
600 819 762 886 nonnullis
793 819 960 885 demendis
990 819 1123 903 eogitari
1154 839 1249 904 posse

113 919 334 1002 unnsquisque
362 920 523 986 eoncedet.
571 921 684 1004 Neque
714 927 804 988 textu
835 922 949 989 vitiose
980 922 1169 989 traditores
1192 943 1250 988 ex·-

114 1021 219 1084 eusari
240 1029 356 1106 potest,
383 1023 532 1106 quonium
548 1023 581 1088 in
597 1023 676 1108 ipsis
692 1023 846 1108 proximis
862 1025 1008 1092 versibus
1029 1025 1143 1090 eadem
1166 1025 1251 1090 inest

113 1123 237 1207 ineptia
259 1125 314 1190 ubi
337 1125 434 1191 etium
456 1127 574 1192 elarius
597 1148 618 1192 u
639 1147 674 1193 re
696 1148 734 1193 ao
756 1128 891 1194 veritate
906 1127 1059 1194 disoedit:

181 1227 206 1306 1,
226 1230 287 1292 912
467 1313 471 1320 .
520 1253 581 1315 quo
600 1239 694 1314 poeto
717 1233 811 1295 verbo
834 1253 953 1315 quoque
975 1230 1045 1313 ipso

314 1331 397 1395 iuter·
417 1354 449 1396 se
466 1333 565 1416 paulo
588 1333 717 1397 mutatis
739 1341 813 1396 suut
835 1333 1003 1410 elerueutio,

313 1455 383 1498 cum
405 1435 492 1519 liquo
514 1444 607 1519 atque
629 1435 715 1520 iquos
738 1435 885 1500 distincto
908 1459 980 1499 noce
1001 1444 1150 1499 notemus.

202 1535 251 1600 Ex
274 1535 385 1602 eodem
408 1545 514 1604 autem
539 1537 625 1604 fonte
647 1559 758 1605 versus

583 1641 615 1722 Ι,
643 1643 780 1720 817-9,

115 1740 171 1822 qui
204 1740 294 1807 initio
333 1743 446 1808 leuiter
486 1749 606 1809 mutato
640 1743 786 1809 veusibns
822 1745 895 1808 908.
929 1747 961 1808 9.
998 1748 1034 1807 to
1072 1749 1104 1808 et
1142 1761 1251 1808 eorum

116 1844 295 1928 exemplari
317 1845 362 1923 Il,
389 1849 481 1910 1007.
508 1847 539 1910 8.
565 1849 596 1910 9.
622 1865 718 1930 puros
741 1852 832 1926 sunt,
858 1845 991 1912 fluxisse
1016 1843 1094 1910 mihi
1117 1863 1252 1928 persua-

116 1964 189 2010 sum
212 1953 272 2012 est.

205 2048 312 2114 Etiam
324 2048 376 2114 hio
387 2050 522 2116 offendit
532 2051 718 2118 adverbium
730 2074 833 2135 saepe.
860 2051 1131 2135 corruptelavero
1139 2056 1251 2133 poetae

118 2152 286 2216 uerborum
309 2152 336 2218 si
359 2153 519 2234 statuitur,
546 2153 589 2218 ad
611 2161 754 2239 tempora
775 2153 989 2220 remotissima
1004 2152 1153 2238 pertinet,
1173 2171 1251 2233 quo-

116 2254 213 2331 niam,
234 2255 262 2320 si
279 2257 405 2320 utu-9
421 2256 612 2323 Lueretiuno
622 2265 711 2338 sunt,
730 2257 785 2323 ille
801 2257 1021 2341 interpolator,
1036 2255 1091 2337 qui
1104 2257 1251 2318 eut-tn

117 2356 267 2436 inseruit,
294 2357 362 2424 sine
385 2358 482 2425 dubio
503 2360 537 2424 in
560 2379 618 2426 suo
640 2360 816 2444 exemplari
838 2381 931 2442 saepe
953 2358 1041 2441 legit.
1090 2357 1155 2424 Sed
1177 2377 1253 2422 oon-

118 2459 298 2526 oedendum
311 2468 361 2527 est
372 2462 513 2545 potuisse
525 2464 614 2529 illam
626 2464 840 2548 corruptelam
852 2462 916 2528 ianr
928 2463 1024 2546 paulo
1036 2466 1108 2546 post
1114 2460 1253 2526 Lucretii

118 2571 252 2628 mortem
275 2563 307 2628 in
331 2571 452 2629 textum
474 2566 667 2632 immanere:
701 2573 808 2631 tamen
831 2585 925 2649 spero
949 2563 1134 2630 certioribus
1157 2584 1254 2647 urgu-

122 2665 238 2731 mentis
261 2667 429 2750 probatum
446 2667 485 2732 iri
507 2689 528 2733 a
550 2689 611 2749 me,
638 2687 748 2735 versus
769 2670 895 2734 ert-9
912 2668 952 2732 ab
968 2667 1028 2732 hoo
1043 2668 1112 2732 looo
1128 2667 1254 2732 dissen-

120 2770 192 2834 tire.
233 2769 360 2835 Etenim
382 2770 410 2836 si
432 2779 579 2838 ooournte
602 2771 844 2848 attenderimus,
869 2771 946 2853 quid
961 2771 1003 2836 sit
1018 2778 1127 2853 mopere·
1140 2773 1252 2856 refert,

119 2893 194 2955 quon
217 2869 318 2937 motus
340 2873 448 2937 eadem
465 2873 643 2956 primordia
672 2875 754 2938 intu-
775 2896 808 2937 se
830 2875 904 2938 deut
933 2873 1169 2958 accipiantque,
1202 2873 1254 2936 iu-

119 2973 309 3058 tellegemus
324 2982 442 3041 eertum
457 2975 616 3060 quendum
633 2975 876 3062 primordiorum
892 2977 1103 3060 complexum,
1129 2975 1163 3040 in
1178 2993 1250 3057 quo,

119 3077 148 3142 si
172 3078 369 3162 singulorum
393 3079 635 3162 primordiorum
652 3087 754 3144 motus
773 3084 944 3159 mutantur,
970 3077 1004 3142 id
1018 3076 1140 3161 aliquid
1156 3077 1252 3142 ualet.

119 3183 163 3246 At
185 3181 218 3246 in
241 3201 337 3247 versu
361 3182 385 3261 l,
412 3183 475 3246 820

229 3307 361 3369 nomque
383 3285 514 3350 eadem
536 3285 656 3348 eoelum
678 3307 764 3350 mare
788 3295 890 3350 temus
900 3285 1040 3371 flumina
1061 3283 1155 3348 uelem

229 3388 421 3452 comtituuut

119 3509 295 3575 pronomen
318 3492 424 3555 eudem
446 3511 508 3557 non
531 3498 636 3576 potest
659 3491 771 3558 referri
793 3491 836 3557 ad
858 3497 977 3556 eertum
992 3489 1153 3574 quendum
1169 3509 1256 3555 oom-

119 3593 251 3677 plexnm
268 3585 519 3676 primordiorum,
546 3594 696 3677 quoniam
718 3593 751 3659 id
767 3601 889 3660 tantum
909 3593 1102 3673 dictumest,
1128 3592 1257 3675 singula

119 3694 297 3781 primordia
319 3697 408 3762 eaelo
430 3696 511 3762 muri
534 3697 627 3764 terris
650 3695 830 3763 eommunia
851 3716 924 3764 esse
946 3715 1018 3762 enm
1046 3694 1120 3760 aliis
1148 3701 1256 3760 tamen

118 3797 304 3863 commixto.
351 3798 477 3865 Deinde
500 3797 533 3864 hi
555 3819 667 3865 versus
690 3819 727 3865 eo
749 3801 834 3880 loeo,
868 3796 953 3864 unde
983 3796 1142 3882 desumpti
1171 3802 1254 3876 sunt,

118 3908 241 3966 certam
265 3900 425 3982 quandam
449 3901 608 3967 notionem
630 3901 764 3986 habent,
792 3922 855 3986 qua
877 3901 911 3966 in
933 3901 1036 3985 primo
1059 3901 1140 3965 libro
1162 3899 1257 3984 positi

118 4023 193 4070 esse
217 4024 280 4069 uon
303 4012 453 4088 possunt:
479 4005 522 4084 Il,
552 4007 697 4069 toul-e

277 4107 350 4170 inde
372 4105 444 4170 ulr'e's
465 4108 556 4171 aliud
576 4107 781 4192 conrumpitur,
808 4117 839 4172 et
847 4107 896 4191 fit
917 4117 953 4172 ut
975 4129 1078 4170 omnes

278 4232 329 4274 res
351 4209 397 4274 ito
419 4207 602 4275 conuertunt
613 4213 745 4296 formas
768 4219 947 4294 mutentque
969 4211 1086 4274 colores
