3048 4898
535 407 575 418 -
624 368 698 454 [τε]
745 409 787 418 -
1191 371 1230 435 ar

103 569 181 632 decet
207 572 240 632 et
268 565 453 630 vccabulum
481 565 684 649 spondiacum
708 558 852 650 (ἀστῶν)
877 567 1041 632 inversus
1065 567 1128 632 367
1153 566 1232 650 pede

103 679 202 756 quarte
229 693 342 757 parum
369 672 529 756 eleganter
555 679 631 736 ante
648 693 819 738 ¹caesuram
847 672 1021 738 bucolicum
1048 675 1233 740 collocatum

102 780 135 844 ab
159 785 227 844 arte
255 779 457 862 Theognidea
484 776 655 843 abhorrere
683 781 762 844 scite
791 781 912 844 monuit
939 777 1173 845 Studemundus
1199 780 1232 844 in

103 885 204 952 scholis
227 883 433 968 Argentorsti
461 884 500 948 de
522 884 706 969 Theognide
734 885 864 962 habitis3
892 907 993 970 neque
1016 893 1064 952 est
1086 887 1233 952 emitten-

103 993 168 1057 dum
192 1013 300 1058 versus
326 992 400 1056 367.
424 991 488 1056 368
517 998 588 1075 pest
615 1013 737 1058 versum
769 992 852 1058 1182
880 1013 950 1058 cum
982 994 1118 1060 disticho
1145 1000 1234 1059 ante-

103 1101 222 1166 cedente
244 1100 319 1164 elim
342 1098 475 1164 fortasse
498 1099 680 1164 coniunctos
702 1098 809 1164 fuisse.
831 1137 871 1146 —

179 1206 251 1272 Alia
274 1211 323 1272 est
345 1205 487 1272 condicio
509 1225 655 1270 versuum
678 1204 752 1270 555.
771 1205 836 1270 556
843 1229 852 1282 ;
875 1225 947 1272 nam
970 1207 1003 1270 in
1025 1205 1167 1273 versibus

140 1315 201 1380 555
225 1302 308 1398 Χρῆ
330 1316 480 1396 τολμᾶν
501 1315 696 1395 χαλεποῖσιν
716 1310 753 1376 ἐν
772 1306 885 1395 ἄλγεσι
903 1314 1089 1396 κείμενον
1109 1307 1234 1398 ἄνδρα

140 1419 200 1486 556
268 1415 366 1505 πρός
388 1441 427 1484 τε
451 1423 546 1484 θεῶν
569 1416 675 1483 αἰτεῖν
699 1414 834 1484 ἔκλυσιν
857 1411 1044 1485 ἀθανάτων

103 1537 166 1612 post
203 1548 325 1593 versum
364 1527 447 1591 1178
489 1524 634 1610 repetitis
674 1524 767 1591 aliter
805 1526 956 1592 vocabula
995 1547 1029 1591 se
1075 1525 1235 1610 excipiunt

104 1635 141 1713 (Α
163 1633 245 1700 infra
261 1639 334 1716 post
356 1653 479 1698 versum
500 1631 585 1698 1178
609 1635 736 1715 τολμᾶν
752 1623 813 1718 χρὴ
830 1636 1024 1715 χαλεποῖσιν
1044 1655 1081 1698 εν
1100 1637 1233 1718 αλγεσιν

104 1729 174 1826 ἦτορ
197 1736 316 1824 ἔχοντα
339 1761 424 1823 προς
448 1740 482 1804 de
506 1743 601 1804 θεων
626 1760 731 1803 αιτειν
754 1742 836 1817 κτλ,
863 1737 992 1804 Oinfra
1009 1744 1082 1824 post
1099 1761 1126 1804 v.
1147 1739 1233 1804 1178

104 1851 218 1930 τολμᾶν
248 1837 310 1932 χρῆ
340 1849 534 1929 χαλεποῖσιν
562 1837 618 1910 ἐπ’
652 1837 784 1930 ἄλγεσιν
812 1832 901 1932 ἦπαρ
935 1841 1053 1930 ἔχοντα
1080 1841 1167 1931 πρός
1197 1868 1233 1910 τε

105 1959 187 2018 θεῶν
210 1945 243 2018 d'
266 1950 373 2017 αἰτεῖν
395 1955 489 2037 κτλ).
535 1952 713 2018 Posteriore
735 1952 804 2017 loce
828 1973 890 2016 uon
913 1954 995 2018 male
1018 1954 1134 2036 legitur
1155 1957 1232 2018 τολ-

105 2065 161 2140 μᾶν
179 2055 240 2145 χρή
260 2113 264 2122 .
286 2110 293 2122 .
314 2111 321 2122 .
345 2059 401 2124 cfr.
424 2058 498 2124 591.
517 2057 592 2122 445,
615 2058 689 2124 398.
734 2057 884 2124 Attamen
906 2059 1008 2142 possis
1031 2059 1127 2124 etiam
1149 2061 1234 2126 coni-

105 2186 165 2230 cere
178 2167 279 2252 ipsum
293 2165 486 2248 Theognidis
501 2164 659 2231 distichon
678 2187 704 2230 e.
718 2185 747 2250 g.
761 2165 802 2230 ab
821 2165 877 2230 καὶ
896 2169 1023 2249 τολμᾶν
1039 2169 1233 2248 χαλεποῖσιν

105 2271 196 2337 verbis
218 2293 324 2337 oraim
347 2293 415 2338 esse
437 2272 492 2348 ita,
514 2278 550 2337 ut
572 2273 605 2336 in
629 2271 764 2337 disticho
783 2272 925 2356 proxime
947 2273 1152 2338 antecedente
1172 2267 1234 2358 χρῆ

105 2385 179 2462 (cnm
209 2377 315 2462 aliquo
348 2377 519 2464 infinitivo)
550 2381 766 2462 praecederet,
798 2379 882 2462 quod
915 2377 1071 2444 distichon
1101 2385 1250 2463 uterque

105 2486 282 2567 epitomatcr
299 2483 434 2550 fortasse
453 2485 601 2550 omiserit
631 2484 828 2551 vLectionem
846 2491 952 2551 autem
972 2483 1009 2550 ἐν
1032 2477 1144 2569 ἄλγεσι
1166 2485 1233 2550 κελ-

104 2613 196 2673 μενον
227 2585 333 2677 ἄνδρα
363 2592 524 2657 meliorem
556 2611 624 2658 esse
655 2613 749 2676 quam
782 2589 819 2656 ἐν
846 2584 979 2676 ἄλγεσιν
1005 2579 1088 2678 ἦτορ
1116 2588 1234 2675 ἔχοντα

105 2697 186 2763 facile
211 2698 270 2764 tibi
298 2698 511 2781 persuadebis.
566 2698 742 2764 Dicticnem
770 2699 853 2762 enim
880 2704 1014 2765 κεῖσθαι
1037 2696 1074 2762 ἐν
1098 2691 1235 2784 (ἄλγεσι,

105 2807 222 2891 κακοῖς)
254 2806 393 2890 saepius,
425 2805 512 2871 illam
540 2810 645 2870 autem
678 2802 730 2890 (ἐν
758 2800 905 2890 ἄλγεσιν)
931 2789 1014 2890 ἦτορ
1043 2799 1142 2888 ἔχειν,
1173 2803 1234 2870 nisi

106 2914 218 2996 egregie
249 2911 356 2988 fallor,
386 2931 541 2996 nusquam
574 2910 756 2976 invenimus.
809 2914 1004 2994 χαλεποῖσιν
1037 2907 1074 2974 ἐν
1102 2903 1234 2994 ἄλγεσιν

106 3002 177 3102 ἦτορ
211 3014 331 3102 ἔχοντα
341 3020 367 3103 ¹)
404 3038 478 3083 vero
514 3017 594 3082 nihil
635 3017 723 3083 aliud
758 3017 882 3081 videtur
923 3015 1099 3100 significare
1140 3037 1234 3098 quam
1327 3091 1330 3097 r

105 3127 285 3204 χαλεποῖσιν
309 3124 346 3190 ἐν
370 3118 482 3209 ἄλγεσι
504 3125 660 3208 κείμενον
683 3121 753 3208 (cfr.
772 3123 911 3206 Theogn.
930 3123 997 3188 320
1018 3125 1125 3210 τολμᾷ
1145 3112 1178 3186 δ’
1197 3117 1234 3186 ἔν

107 3252 137 3292 τε
153 3245 263 3309 κακοῖς
281 3233 434 3315 κείμενος
453 3226 489 3296 ἔν
508 3223 542 3296 τ’
561 3221 715 3314 α’γαθοῖς;
735 3229 790 3295 cfr.
809 3236 975 3313 praeterea
993 3251 1018 3294 r.
1034 3228 1099 3293 632
1118 3233 1151 3294 et
1169 3227 1233 3292 646

107 3343 134 3400 et
154 3338 207 3403 Od
230 3339 281 3416 21,
301 3339 344 3404 88
367 3338 422 3402 ubi
445 3338 562 3423 legitur
584 3349 691 3402 κεῖται
715 3334 752 3402 ἐν
775 3329 887 3420 ἄλγεσι
910 3331 1032 3419 9ομός;
1060 3333 1115 3400 cfr.
1138 3335 1234 3400 etiam

106 3441 156 3508 Od.
180 3447 226 3522 13,
243 3446 325 3522 3203
349 3445 400 3521 24,
418 3443 509 3530 423).
546 3442 693 3528 Suspicor
710 3443 875 3509 lectionem
893 3442 1061 3526 genuinam
1079 3441 1234 3526 κείμενον

106 3542 201 3636 ἄνδρα
222 3553 318 3622 etiam
340 3553 374 3616 in
397 3573 425 3616 v.
446 3550 545 3616 1178ι
568 3549 641 3614 clim
666 3548 804 3627 infuisse,
827 3549 883 3614 sed
905 3549 1140 3614 adiasceuaeta
1157 3567 1234 3631 quo-

107 3655 169 3722 dam
190 3658 343 3726 abiectam
367 3678 444 3734 esse,
466 3657 552 3740 quod
574 3656 672 3722 verba
693 3642 775 3742 ἦτορ
799 3651 929 3739 ἔχοντα,
952 3676 1022 3720 cum
1045 3655 1087 3721 ad
1109 3659 1234 3719 senten·

107 3763 174 3828 tiam
203 3769 415 3850 τολμᾶν...
446 3757 552 3849 ἄνδρα
585 3763 804 3828 illustrandam
836 3764 869 3826 in
901 3761 1042 3844 margine
1073 3760 1235 3842 adscripta

108 3869 275 3948 invenisset,
302 3892 414 3956 parum
441 3876 515 3954 apte
538 3871 570 3934 iu
593 3874 717 3935 textum
738 3868 930 3934 inseruisset.
979 3866 1125 3933 Ceterum
1152 3865 1234 3930 aliae

108 3977 168 4042 u'ae
188 3979 226 4044 ad
248 3980 332 4044 hanc
354 3978 597 4060 discrepantiam
621 3975 837 4060 explicandam
859 3979 977 4058 patent.
996 4013 1040 4021 -

184 4085 308 4151 Leviter
330 4083 445 4150 variati
462 4090 534 4168 post
551 4106 578 4150 v.
599 4082 684 4150 1164
702 4083 839 4168 primum
856 4082 891 4146 hi
909 4103 1016 4146 versus
1035 4083 1233 4164 repetuntur:

226 4194 267 4258 97
294 4183 389 4258 Ἀλλ’
413 4188 471 4277 εἴη
492 4196 680 4266 τοιοῦτος
703 4187 789 4273 ἐμοὶ
811 4189 940 4271 φίλος,
964 4177 1000 4262 ὃς
1018 4176 1080 4251 τὸν
1099 4181 1233 4270 ἑταῖρον

123 4387 141 4392 „
228 4292 270 4365 98
337 4293 515 4383 γινώσκων
539 4288 642 4382 ὀργὴν
665 4297 721 4360 καὶ
743 4287 849 4379 βαρὺν
873 4287 957 4360 ὄντα
980 4292 1073 4378 φέρει

156 4389 383 4490 hammonem
402 4420 503 4476 codicis
524 4423 626 4490 Opust
645 4437 669 4474 v.
689 4420 758 4474 1178
776 4433 855 4473 nemo
875 4416 1082 4473 commendabit.
