2998 4896
506 345 548 354 -
596 306 692 391 [ωε]
723 343 780 370 6-
1175 305 1212 373 er

85 503 134 585 μὲν
156 498 368 583 καταιβᾶται,
396 499 429 568 οί
457 501 493 568 δὲ
515 498 699 586 φολόεντες
722 499 759 567 οί
782 509 826 586 τῇ
849 499 992 587 ψαύσει
1016 495 1218 582 όλλύντες,

86 607 112 674 οἱ
135 609 169 676 δὲ
197 602 335 698 ύργῆτες
362 615 553 676 καλοῦνται.
606 610 667 675 781
703 609 894 691 Διεξιφίσω·
929 609 1110 694 όιεμαχέσω
1141 611 1218 695 περί

87 725 132 802 τῆς
156 713 275 802 χώρας.
321 717 385 783 837
410 720 522 804 Ζῃλῶ·
554 704 734 802 μαπα-ρίζω.
774 710 1012 804 Ἀριστοφάνης
1044 719 1218 802 θεσμοφο-

86 820 262 908 ριαζούσαις
281 876 289 889 .
309 877 316 889 .
337 877 344 889 .
364 823 421 910 (ad
439 845 504 890 voe.
524 816 739 911 εὐγλωττίας)
758 819 848 890 όντὶ
866 831 951 904 τοῦ,
969 831 1036 912 τῆς
1052 831 1219 912 γραφῆς,

87 932 406 1017 τῆςκατηγορίας.
455 931 520 996 860
543 923 598 1017 Μὴ
622 937 684 997 τοῦ
707 930 864 1015 λέγοντος
887 931 973 997 laer·
1015 924 1072 1019 Μὴ
1094 932 1219 996 πείθου

87 1049 146 1115 τοῖς
167 1033 412 1118 διαβάλλουσιν.
445 1023 529 1103 918
548 1029 673 1104 Ἶστίον
698 1032 843 1124 σαπρόν·
879 1033 1036 1124 Ἄρμενον
1062 1033 1220 1117 παλαιόν,

86 1146 233 1228 τρίβωιον
256 1138 277 1232 ἢ
300 1136 343 1232 μὴ
366 1131 539 1230 ὑρμόζοῖ
570 1145 636 1210 984
659 1146 793 1228 Δοϊόοξ’
823 1137 841 1212 6
866 1138 1089 1233 όλετρίβανος.
1135 1146 1219 1210 1109

84 1243 193 1316 Ἡνίοι·
220 1251 406 1318 τουτέστι
434 1243 505 1338 τὴν
534 1239 726 1332 ἐξόν-σίου.
772 1253 854 1317 1307
879 1245 1045 1340 Τερῃόιόν·
1077 1239 1222 1338 Exffl‘qg

89 1353 323 1444 ξαλοτροίιιτης,
355 1357 462 1424 οἰκῶν
496 1357 532 1423 ίν
566 1355 663 1443 ξύλω.
717 1347 1040 1446 131Ὴατάλογος·
1072 1353 1093 1448 ἦ
1122 1352 1220 1427 ἀπο-

88 1456 203 1551 γραφὴ
232 1472 312 1529 τῶν
341 1459 596 1547 ὀφειλόντων
620 1462 918 1552 στρατεύεσθαι.
961 1470 1027 1532 καὶ
1048 1458 1070 1554 ἡ
1095 1465 1221 1551 ἐξαρί-

89 1575 230 1658 θμησις·
265 1564 284 1639 6
307 1573 411 1654 πίναξ
438 1565 495 1654 ἐφ’
523 1562 565 1638 ού
593 1571 779 1660 ἐνέγραφον
806 1579 877 1638 τῶν
905 1571 1221 1660 έκστρατευομένων

90 1669 124 1742 τὰ
145 1671 300 1763 ὀνόματα.

166 1785 267 1851 Multo
296 1807 390 1870 quam
418 1787 452 1850 in
479 1785 649 1870 Equitibus
680 1786 718 1854 fit
745 1789 923 1854 euidentius
946 1787 1077 1854 Suidam
1104 1787 1222 1872 glosso-

90 1891 189 1975 graphi
207 1894 343 1957 maxime
362 1914 490 1958 munere
508 1893 650 1960 functum
670 1917 736 1961 esee
753 1897 786 1960 in
800 1895 1141 1979 Thesmophoriazueis,
1159 1914 1223 1977 que

91 1998 118 2060 ir
142 1999 246 2064 sabula
273 1999 452 2085 ubieunque
480 2007 536 2066 aut
558 2002 681 2068 auctior
704 2009 760 2068 aut
787 2003 954 2087 singularis
982 2002 1093 2068 scholii
1121 2001 1222 2076 forma

91 2105 219 2172 aSuide
245 2105 425 2183 exhibetur,
452 2108 637 2194 plerumque
664 2131 735 2175 eum
762 2109 906 2176 breuium
929 2111 1102 2195 glossarum
1124 2109 1223 2174 inter-

92 2219 276 2294 pretamenta
294 2215 484 2280 adicientem
501 2215 778 2300 deprehendimus:
798 2217 886 2282 uelut
886 2217 897 2280 i
915 2217 948 2281 in
962 2238 1008 2282 vv
1022 2217 1065 2281 43
1084 2209 1221 2302 Ἐχέτω·

93 2322 252 2404 κρατείτω.
295 2321 338 2386 93
370 2317 553 2406 Τεχνόζειν·
585 2313 625 2388 τό
657 2318 859 2407 πανούργως
888 2347 920 2388 τι
948 2319 1222 2408 διαπράττεσθαι.

98 2427 147 2490 133
171 2431 378 2513 Γαργαλίςει
408 2429 538 2512 όοτιιιῇ,
566 2439 666 2508 κινεῖ,
687 2421 908 2516 ὑποσημαίνει
932 2432 1015 2516 (lege
1038 2421 1223 2508 ὑποσαίνει,

95 2535 167 2614 quod
196 2557 234 2600 ex
261 2535 442 2601 Pheuorino
469 2541 561 2601 reetrt
521 2537 699 2602 t'tuendum
730 2537 801 2623 est).
850 2537 912 2601 136
937 2532 1073 2615 Γόννις·
1102 2527 1223 2620 όνδρό-

95 2661 194 2720 γυνος,
215 2637 372 2726 μαλακός.
422 2641 485 2707 159
512 2635 653 2727 Ἄμουσα
676 2643 761 2728 (lege
785 2636 962 2730 όμουσον)·
990 2636 1117 2731 ἀτερπῆ
1140 2635 1224 2729 ύῃόῆ

97 2737 265 2814 όπαίόευτα
293 2749 378 2835 (lege
405 2735 634 2836 ἀπαίδευτον).
684 2751 746 2816 163
775 2742 1012 2838 Ἐμιτροόσατο·
1040 2750 1096 2839 (ed
1124 2751 1224 2816 όιεκί-

97 2855 169 2938 νων)
204 2847 292 2920 ύντί
334 2864 404 2922 τοῦ
440 2858 596 2979 μίτραις
632 2855 817 2922 τουτέστι
854 2855 998 2940 ζώναις
1034 2852 1224 2940 διαζωσά-

97 2982 193 3040 μενοι
215 2956 327 3047 ἁβρῶς
349 2959 629 3048 περιεπάτουν.
678 2963 740 3028 173
764 2957 922 3047 Βαύζων·
950 2957 1116 3030 ὑλακτῶν.
1161 2964 1224 3028 179

99 3067 282 3153 ίίοινοίογία
315 3121 322 3132 .
348 3121 387 3134 ..
420 3076 517 3153 κοινῇ
551 3069 586 3134 δὲ
620 3057 786 3136 ἀντὶ-τού
817 3063 1069 3157 ἀνθρωπίνῃ,
1100 3066 1224 3156 μεγάλῃ

99 3174 143 3237 καὶ
158 3179 332 3259 θαυμαστῇ
337 3199 346 3252 ;
365 3197 404 3240 ex
421 3176 472 3242 his
490 3168 692 3263 ἀνθρωπίνῃ
711 3178 753 3244 ad
772 3186 869 3263 κοινῇ
884 3181 1082 3263 scripturam,
1099 3173 1224 3262 μεγάλῃ

99 3281 143 3344 καὶ
162 3287 351 3366 θαυμαστῇ,
378 3288 515 3365 quaet
483 3283 579 3348 etiam
601 3285 635 3348 in
658 3285 777 3350 scholio
801 3285 850 3349 R¹⁸
872 3286 982 3370 legunt
982 3306 1035 3362 ur,
1061 3284 1103 3349 ad
1126 3286 1226 3367 scrip-

99 3390 187 3453 turam
216 3411 315 3470 καινῃ
348 3387 513 3454 referende
544 3383 994 3517 ευο1191Ἐξυρημένος·
1027 3383 1088 3478 τὴν
1117 3386 1225 3476 κόμην

100 3483 273 3616 όπρβαλοίν.
323 3493 385 3560 193
409 3486 570 3578 Ὑφέξειν·
602 3484 813 3581 ὑπενεγκεῖν,
831 3490 1027 3584 ὑπομεῖναι
1082 3497 1145 3562 198
1173 3499 1225 3560 Τε-

97 3595 255 3724 γνάσμοσι
286 3598 412 3681 δόλοις,
435 3605 662 3688 πανουργίαις.
709 3605 774 3669 216
802 3597 1160 3691 Αφαυανθήσομαι..

99 3697 226 3786 ύφαύειν
257 3707 353 3792 (falso
379 3712 476 3774 utin
503 3731 598 3775 uersu
625 3713 695 3796 ipso
722 3734 781 3796 pro
808 3703 961 3798 ἀφεύειν)
992 3711 1113 3776 παίειν.
1161 3652 1226 3772 223

99 3801 277 3880 Ἐποποὶ..
298 3808 510 3882 ..ότταταί
531 3815 676 3881 ἐπὶτῶν
695 3809 899 3901 α’λγούντων.
938 3818 1001 3881 227
1017 3808 1225 3902 Ημίκραινα

99 3911 130 3982 τό
158 3912 252 4006 ἥμισυ
284 3931 343 4009 τῆς
374 3928 528 4010 κεφαλῆς.
585 3924 649 3988 236
674 3920 877 4006 Δελφιίιιιον·
916 3916 935 3991 6
935 3911 1079 4009 μικρός
1105 3935 1225 4007 χοῖρος.

101 4024 154 4090 245
102 4020 454 4126 Αποπεπόνῃκας
478 4037 548 4096 τῶν
571 4027 692 4097 πόνων
716 4027 840 4116 έλῃξας.
888 4029 953 4094 324
980 4026 1131 4116 Θίστρος
1160 4026 1226 4112 έρε-

102 4127 219 4216 ίισμός,
251 4133 421 4217 ίκκαυσις,
452 4133 603 4223 πύρωσις
631 4132 783 4224 ἐμμανής.
838 4123 920 4201 427
940 4135 1225 4223 Θριπῃόέστατον·

106 4239 297 4254 Ἢ

104 4269 127 4324 in
150 4277 252 4333 scholiis
279 4279 380 4334 nostrie
404 4277 627 4350 Aristophanen,
656 4295 691 4334 ex
719 4278 818 4347 quibus
841 4279 928 4334 uerba
950 4275 1176 4334 Graecobarbere
1199 4278 1227 4327 et

107 4357 190 4418 latinu
206 4367 315 4438 collegit
334 4368 491 4424 Dindorfiue
510 4367 598 4440 praef.
618 4369 654 4424 ad
673 4374 737 4423 tom.
756 4369 795 4424 IV
813 4383 858 4437 μς.
877 4368 924 4423 IV.

1049 4457 1064 4508 6
