3008 4884
508 367 551 380 -
599 333 683 414 [aaa]
729 367 774 379 -
1169 333 1208 394 rr

69 519 237 602 001.x11‚
254 521 273 583 3
290 528 355 584 tam
370 521 434 584 ium
448 541 587 586 sauream
605 541 694 584 uram
710 543 748 583 ac
766 519 828 584 tela
843 520 1081 602 reponebantur,
1108 518 1213 584 Bait.-

70 623 180 707 Kays.
206 624 269 688 vol.
295 623 344 688 XI
365 644 399 709 p.
426 625 476 706 52)
508 622 617 707 nequit
646 622 808 706 dignosci,
841 641 912 688 cum
934 621 1031 688 liceat
1051 620 1210 702 dubitare,

68 733 181 792 ntrnm
203 725 282 792 baec
304 725 408 810 ipsius
424 725 588 793 Ciceronis
610 747 652 792 an
675 726 781 810 potius
796 725 994 792 Columellas
1016 724 1080 791 sint
1095 724 1209 800 verba;

70 837 161 894 certe
183 828 216 894 in
239 828 467 914 posterioribus
488 828 579 896 libris
595 828 707 896 Cicero
730 835 912 895 constanter
930 827 1008 894 dicit
1027 827 1208 910 separatim.

71 931 126 997 Cs.
152 932 244 998 Neue
265 931 320 996 11²
341 951 416 1016 pag.
443 934 517 997 637.

162 1034 211 1098 Ex
230 1034 516 1118 praepositionibus
539 1055 635 1101 unam
658 1034 775 1101 affero:

162 1140 251 1202 Pone
272 1137 359 1222 apud
382 1137 477 1205 Corn.
502 1139 558 1218 lv,
587 1143 636 1216 10,
660 1142 697 1200 14
727 1159 809 1220 puae
834 1157 979 1200 scaenam
1010 1143 1041 1200 et
1068 1136 1102 1199 ia
1131 1135 1213 1200 cius-

70 1239 163 1304 modi
175 1240 252 1304 locis
267 1241 452 1318 πωπω
481 1241 581 1307 semel
597 1259 674 1306 usus
689 1246 740 1306 est
755 1238 816 1305 bac
831 1238 1067 1324 praepositione
1083 1239 1210 1306 Oioero:

72 1343 161 1408 'lim
190 1347 228 1408 10
248 1365 330 1428 pone
352 1367 429 1429 quoa
450 1353 508 1408 aut
528 1352 601 1408 uate
630 1344 792 1420 labantem
827 1342 988 1425 ceteroqui
1017 1340 1100 1408 dixit
1124 1351 1211 1426 post.

73 1445 127 1512 Cs.
154 1447 321 1514 Antibarb.
347 1467 425 1532 pag.
451 1449 533 1526 8793
559 1446 654 1512 Hand
676 1447 770 1512 ans.
796 1446 841 1510 IV
862 1465 895 1530 p.
916 1447 977 1510 478
994 1464 1082 1530 sqq.;
1110 1445 1214 1512 Drue-

70 1570 133 1633 ger
157 1557 241 1634 synt.
267 1549 341 1617 bist.
367 1551 404 1614 1²
429 1570 504 1635 pag.
531 1553 604 1630 599,
631 1549 684 1632 qui
707 1568 818 1615 vocem
847 1548 937 1613 illam
964 1565 1037 1614 esse
1060 1549 1215 1614 sermonis

72 1653 185 1737 plebei
214 1659 301 1719 recte
329 1651 456 1719 videtur
478 1651 671 1730 coniecisse;
698 1650 856 1717 Ammian.
884 1653 935 1731 le,
958 1655 988 1731 5,
1008 1654 1060 1714 47.
1091 1654 1138 1732 15,
1162 1655 1210 1730 lu,

73 1761 106 1818 l.
135 1757 188 1834 25,
209 1759 236 1834 1,
259 1757 298 1820 18
321 1761 354 1820 et
376 1758 406 1836 3,
426 1759 456 1820 2.

164 1858 337 1941 Postquam
361 1857 477 1941 quibus
500 1855 621 1924 artibus
644 1857 694 1923 usi
717 1857 828 1938 sintii,
854 1856 909 1940 qui
926 1853 1089 1923 Ciceronis
1108 1863 1216 1924 aetate

72 1958 306 2045 perpoliendae
327 1959 461 2043 linguae
482 1960 605 2026 latinae
627 1979 736 2026 curam
757 1958 998 2045 impendebant,
1024 1978 1215 2043 cognoscere

74 2071 120 2140 et,
147 2062 226 2146 quid
248 2062 385 2146 siugulis
408 2062 585 2129 litterarum
608 2061 779 2128 latinarum
803 2060 964 2127 aetatibus
982 2060 1014 2125 in
1031 2080 1091 2126 usu
1107 2061 1211 2141 luerit,

73 2163 218 2230 enodare
240 2163 436 2247 studuimus,
469 2184 541 2231 cam
571 2185 653 2249 quae
683 2170 830 2248 superest
850 2161 1016 2230 materiam
1040 2161 1215 2230 seeundum

73 2266 223 2350 vulgaris
250 2267 479 2350 grammaticae
509 2266 762 2334 distributionem
796 2266 838 2332 ad
866 2265 962 2332 finem
991 2265 1211 2351 perducemus.

75 2369 117 2435 Et
140 2368 182 2436 de
205 2368 377 2435 formarum
399 2369 529 2452 quidem
553 2369 697 2436 doctrina
719 2389 840 2454 pauca,
873 2368 1038 2451 aliquanto
1060 2369 1153 2454 plura
1175 2368 1215 2436 de
1322 2381 1324 2387 '

74 2473 209 2558 syntaxi
231 2472 380 2538 videntur
402 2471 625 2551 memoranda;
658 2472 700 2537 ad
729 2479 905 2539 extremum
929 2471 1037 2556 capita
1058 2472 1216 2557 quaedam

75 2577 198 2641 selectu
220 2595 259 2640 ex
283 2575 507 2641 vocabulorum
533 2574 720 2641 formatione
743 2595 967 2661 proponemus.

514 2819 678 2924 Caput
709 2821 770 2904 H.
842 2914 846 2924 ,

414 2999 465 3069 lle
481 3001 728 3069 vocabulorum
745 3001 884 3069 lormls.

426 3159 497 3242 §l
547 3158 602 3222 De
624 3156 868 3222 nominibus.

167 3294 245 3360 Cum
268 3313 318 3376 ea,
344 3312 408 3376 qua
423 3293 611 3360 Comilicius
634 3292 793 3360 rhetorica
808 3292 851 3358 ad
866 3291 1061 3358 Herennium
1078 3293 1216 3359 scribere

74 3397 204 3482 coepit,
240 3405 347 3464 aetate
369 3417 487 3463 aureae
510 3415 593 3479 quae
615 3394 731 3462 dicitur
753 3395 922 3462 latinitatis
947 3395 1069 3462 formae
1090 3415 1130 3462 ex
1153 3402 1216 3481 pri-

75 3521 206 3568 scorum
230 3499 419 3586 scriptorum
442 3499 552 3566 formis
576 3498 730 3584 paulatim
753 3499 900 3564 excultae
922 3497 1041 3564 luerint
1068 3504 1100 3564 ct
1122 3519 1216 3565 accu-

76 3604 184 3669 ratius
217 3603 424 3686 constitutae,
461 3622 499 3668 ac
531 3623 572 3669 ne
601 3602 704 3686 ipsius
733 3601 862 3683 quidem
893 3600 1019 3686 priscae
1050 3600 1217 3668 latinitatis

76 3708 202 3772 formae
218 3707 313 3789 longe
328 3705 449 3772 distent
463 3726 485 3772 a
498 3704 795 3790 probatissimorum
812 3704 1002 3789 scriptorum
1018 3723 1089 3784 usu,
1111 3710 1217 3770 tamen

76 3817 112 3877 et
143 3807 229 3893 apud
253 3808 456 3876 Comilicium
487 3815 520 3874 et
546 3808 633 3893 apud
657 3808 839 3874 Ciceronem
871 3806 1018 3872 inlibris
1046 3805 1105 3888 iis,
1138 3825 1217 3890 quos

75 3913 200 3999 primos
222 3911 341 3997 publici
363 3911 441 3977 iuris
464 3910 554 3991 ledi,
586 3930 710 3997 paucae
739 3908 897 3994 quaedam
924 3908 1130 3975 inveniuntur
1152 3909 1218 3974 ior-

76 4015 250 4098 mationes,
276 4033 358 4097 quae
380 4015 477 4099 plane
499 4013 692 4079 abhorreant
721 4014 762 4078 ab
784 4011 1035 4078 accuratioribus
1065 4019 1098 4077 et
1125 4025 1219 4078 seve*

79 4119 219 4185 rioribus
242 4117 300 4200 iis,
326 4116 440 4201 quibus
463 4117 496 4182 iu
519 4115 749 4202 posterioribus
771 4115 898 4204 scriptis
921 4133 999 4180 usus
1021 4121 1070 4180 est
1093 4113 1214 4180 Cicero.

77 4224 151 4288 Hae
174 4221 242 4288 lere
264 4240 375 4287 omnes
397 4220 562 4287 derivatae
585 4227 659 4285 sunt
679 4219 721 4284 ad
737 4218 872 4284 aliorum
887 4217 1112 4283 vocabulorum
1128 4215 1219 4282 simi-
