3034 4896
431 1075 881 1178 PRAEMONITA.

184 1336 239 1434 De
263 1369 408 1434 versibus
427 1369 460 1433 in
476 1369 616 1436 Lucretii
639 1371 780 1436 carmine
803 1373 1038 1456 repetitis‚.qni
1063 1375 1229 1440 offendunt

90 1490 191 1554 etiam
213 1509 297 1570 eum,
324 1489 376 1572 qui
400 1489 514 1555 leviter
535 1489 568 1554 id
592 1473 713 1573 tangat,
741 1491 832 1556 multi
847 1492 955 1558 adhue
970 1493 1128 1560 dixerunt.
1168 1497 1229 1560 At-

90 1629 155 1692 que
169 1615 246 1674 ante
261 1609 502 1674 Laobmannum
525 1609 558 1674 in
580 1630 635 1676 eos
651 1611 829 1677 accuratius
843 1611 1010 1696 inquisivit
1025 1613 1180 1697 Forbiger
1195 1615 1228 1678 in

89 1729 317 1796 dissertatione
333 1729 494 1814 Lipsiensi
517 1751 546 1796 a.
577 1735 670 1794 1824.
711 1730 812 1808 Quem
832 1732 864 1796 iu
881 1733 987 1799 multis
1003 1753 1128 1799 errasse
1151 1755 1228 1800 oon-

90 1855 282 1916 sentaneum
298 1856 356 1931 est,
382 1849 534 1932 quoniam
550 1850 776 1918 Laehmonnus
797 1852 917 1937 primus
934 1853 1094 1937 principia
1109 1853 1228 1920 oriseos

91 1970 304 2036 Lucretianae
327 1970 443 2036 docuit.
484 1969 549 2036 Sed
571 1971 604 2035 in
627 1971 674 2037 eis
696 1993 833 2054 quoque,
860 1993 941 2056 quae
963 1974 1018 2039 ille
1034 1980 1119 2040 reete
1134 1975 1224 2055 vidit,

91 2113 144 2158 me
167 2091 249 2158 meis
271 2091 468 2174 argumentis
491 2091 650 2158 confidere
673 2094 769 2158 malle
792 2115 887 2176 quam
913 2094 1001 2160 illius
1023 2095 1224 2174 auctoritate,

90 2213 283 2296 quicumque
292 2211 489 2278 Lachmanni
501 2213 761 2280 oommentarium
774 2214 958 2298 perlegerit,
974 2237 1037 2280 non
1049 2216 1225 2282 mirabitur.

180 2332 406 2398 Lachmannus
428 2332 499 2417 ipse
522 2340 555 2397 et
576 2353 617 2398 ea
639 2333 769 2414 iterata,
796 2354 877 2416 quae
908 2334 1109 2400 librariorum
1131 2337 1228 2421 eulpa

92 2455 125 2518 in
148 2459 270 2518 textum
294 2453 499 2538 irrepserunt,
526 2453 661 2520 removit
676 2460 708 2519 et
729 2455 822 2538 plora
838 2455 879 2518 ab
899 2454 1025 2521 homine
1039 2455 1074 2518 in
1090 2456 1228 2521 [lucretii

92 2575 235 2640 earmine
250 2573 330 2639 satis
345 2580 483 2654 versato,
506 2573 572 2639 alia
587 2574 660 2641 aliis
676 2573 716 2639 de
732 2575 840 2640 oausis
856 2575 888 2638 in
904 2576 1048 2659 margine
1065 2574 1229 2661 adscripta

92 2715 166 2760 esse
188 2691 345 2771 ostendit;
372 2692 488 2758 deinde
511 2713 609 2758 unum
632 2695 827 2778 prooemium
850 2695 953 2776 quarti
978 2695 1058 2776 libri,
1085 2695 1170 2777 quod
1188 2717 1228 2762 ex

91 2814 240 2879 versibus
256 2814 282 2892 l,
301 2816 450 2878 suu-50
467 2815 638 2898 repetitum
662 2822 721 2898 est,
747 2815 789 2880 ab
813 2813 972 2882 »editore«
996 2815 1145 2880 carminis
1168 2814 1229 2880 ad-

91 2934 194 3000 ditum
218 2952 291 3000 esse
313 2934 455 3000 oonieoit.

178 3053 377 3138 Bernaysius
406 3054 490 3138 qnod
516 3055 549 3120 iu
579 3055 659 3120 Mus.
687 3054 788 3120 Rheu.
817 3061 846 3136 5,
873 3059 934 3119 574
965 3054 1092 3120 dixerat
1121 3057 1229 3120 omnia

90 3175 209 3240 iterata
231 3174 316 3238 male
339 3173 372 3238 in
395 3181 515 3239 textum
538 3175 659 3241 inserta
680 3193 768 3255 esse,
795 3183 867 3259 post
890 3175 1086 3240 Lachmauui
1113 3173 1229 3242 editio-

91 3315 165 3360 nem
188 3295 346 3362 abieoisse
369 3294 496 3360 videtur
518 3295 577 3372 eis,
595 3295 657 3360 nisi
680 3295 783 3376 fallor,
810 3295 928 3375 oensis,
955 3295 1070 3378 quibus
1085 3295 1142 3362 ille
1158 3316 1229 3362 oar-

94 3417 181 3480 mina
202 3415 392 3500 imperfecta
413 3435 486 3482 esse
508 3435 611 3498 neque
637 3437 658 3480 a
685 3423 781 3501 poeta
809 3416 880 3500 ipso
908 3415 995 3481 edita
1023 3417 1227 3499 probaverat,

94 3543 281 3615 commotus,
308 3543 342 3602 ut
364 3536 478 3602 iterata
500 3555 625 3618 quoque
647 3536 680 3600 in
704 3536 750 3601 eis
774 3536 888 3619 signis,
913 3556 953 3600 ex
971 3536 1084 3618 quibus
1100 3543 1227 3620 poetam

92 3675 175 3740 opus
207 3677 270 3720 non
304 3656 483 3722 absolvisse
516 3655 722 3739 intellegitur,
759 3655 959 3722 numeranda
989 3675 1062 3721 esse
1090 3663 1226 3740 putaret.

94 3775 196 3853 Quam
219 3777 409 3844 sententiam
433 3783 464 3842 et
479 3776 642 3842 Munroius
665 3777 734 3841 sine
757 3776 853 3842 dubio
876 3776 1077 3858 amplectitur
1100 3783 1132 3842 et
1150 3779 1230 3842 Pur-

94 3917 230 3961 mannns
245 3897 390 3981 pluribus
406 3917 535 3962 suarum
551 3895 782 3973 Quaestionum
795 3895 1054 3960 Lucretianarum
1073 3897 1226 3974 (Lauban.

99 4019 190 4080 1858.
213 4021 304 4082 1860.
332 4017 459 4084 Cottsb.
481 4019 573 4101 1867)
599 4016 678 4083 loeis
701 4023 733 4082 et
754 4017 817 4082 iarn
834 4017 979 4082 antesin
995 4017 1102 4082 libello
1125 4017 1229 4082 »Neue

98 4137 243 4224 Beitrdge
273 4161 329 4204 zur
355 4137 464 4204 Kritik
493 4139 550 4204 des
573 4138 762 4204 Lueretius«
792 4137 945 4222 inscripto
979 4137 1105 4220 (Numb.
1134 4139 1225 4220 1849]

96 4261 343 4337 commendavit,
377 4267 412 4326 ut
441 4260 493 4326 vel
524 4259 720 4344 prooemium
749 4259 853 4342 quarti
883 4258 955 4323 libri
985 4280 1005 4322 a
1033 4267 1129 4344 poeta
1154 4277 1229 4340 pro-
