3010 4896
270 288 314 354 42
475 391 484 422 Ι
705 325 746 338 -
794 287 888 372 [138]
937 325 975 338 .-

270 486 381 569 viginti
394 492 515 568 septem
528 483 626 568 igitur
639 505 737 550 annos
751 486 989 569 compluresque
1002 484 1070 550 dies
1085 488 1206 567 gestum
1222 489 1270 550 est
1284 475 1409 559 bellum,

269 593 386 676 incepit
404 591 444 657 ab
464 597 603 658 extremo
621 592 689 658 fere
707 592 758 657 die
777 591 1045 658 Anthesterioois:
1069 598 1105 656 ut
1123 612 1208 656 vere
1226 591 1314 655 anni
1336 590 1409 654 404

269 699 385 765 bellum
402 693 530 764 'finitum
554 704 587 764 et
605 699 747 765 Athenas
770 697 905 764 traditas
925 719 992 762 esse
1014 697 1078 762 iam
1101 697 1223 763 eluceat
1246 719 1262 762 e
1286 697 1409 780 Thucy-

269 808 351 884 dide,
374 815 473 889 ‘aquo
492 806 733 890 Xenophontem
751 828 814 872 non
833 806 995 871 discedere
1013 804 1270 889 supendimus,
1294 805 1410 889 qnippe

269 914 322 998 qui
353 919 545 998 postremum
576 915 652 979 anni
684 914 803 978 factum
836 913 976 978 Athenas
1012 911 1148 976 traditas
1181 915 1410 977 commemoret

269 1019 349 1085 llioc
372 1024 477 1085 autem
500 1018 670 1085 difficultas
692 1021 770 1084 oriri
797 1019 934 1096 videtur,
956 1019 984 1084 si
1007 1019 1134 1103 quidem
1157 1019 1356 1102 Thucydides
1379 1025 1411 1084 et

267 1127 442 1211 Xenophon
464 1147 484 1192 a
507 1126 679 1192 Plutarcho
702 1127 896 1209 discrepant,
919 1147 989 1191 eum
1016 1127 1085 1190 dies
1108 1125 1182 1190 XVI
1200 1125 1410 1190 Munichionis

267 1254 329 1300 non
348 1240 414 1299 tam
432 1234 473 1298 ad
491 1235 606 1317 prioris
624 1236 699 1298 anni
719 1233 811 1298 linem
826 1252 920 1316 qnam
934 1233 976 1298 ad
993 1233 1178 1317 posterioris
1197 1232 1321 1298 initium
1339 1254 1410 1317 per-

268 1343 369 1407 tinere
388 1341 540 1407 videatur.
588 1341 735 1405 Attamen
754 1339 962 1422 Thucydides,
985 1362 1005 1404 a
1027 1361 1090 1426 quo
1112 1361 1168 1423 per
1186 1341 1265 1406 duos
1287 1339 1411 1422 priores

265 1447 364 1512 libros
387 1453 563 1530 temporum
585 1448 740 1513 rationem
759 1447 935 1530 Xenophon
952 1452 1115 1512 mutuatus
1134 1451 1190 1519 est.
1209 1468 1278 1511 cnm
1297 1467 1410 1512 secun-

266 1557 340 1620 dum
364 1559 501 1620 aestates
524 1559 557 1620 et
579 1555 698 1620 hiemes
721 1555 827 1618 omnia
849 1559 967 1631 namet,
988 1559 1025 1616 ut
1052 1554 1119 1636 ipse
1142 1554 1266 1637 saepius
1290 1555 1410 1619 indicat

266 1662 322 1749 (ll,
339 1663 370 1736 1;
390 1661 426 1736 V,
446 1662 502 1736 20;
520 1661 558 1738 V,
577 1661 634 1745 26)
654 1697 693 1708 -
718 1681 799 1747 quae
822 1663 935 1728 divisio
959 1683 998 1726 ex
1020 1659 1090 1744 ipse
1111 1660 1280 1738 bellorum,
1303 1661 1412 1744 qualia

266 1774 342 1834 tune
366 1774 465 1845 erant,
487 1773 602 1833 natura
625 1770 727 1852 petita
750 1773 797 1832 est
821 1807 871 1844 -,
894 1789 958 1834 uon
980 1768 1071 1833 anxie
1097 1769 1192 1833 certis
1220 1768 1331 1833 diebus
1354 1775 1412 1834 aut

266 1874 424 1940 mensibus
447 1879 609 1960 tamquam
627 1873 743 1940 finibus
765 1881 989 1959 tempestatum
1008 1876 1110 1940 utitur
1132 1896 1233 1958 neque
1252 1876 1316 1940 ullo
1340 1876 1411 1940 loco

265 1983 385 2048 indicat
412 2003 490 2066 quos
512 1983 587 2047 aurii
615 1982 683 2047 dies
710 1979 788 2046 fines
811 2003 879 2048 esse
902 1983 1032 2048 aestatis
1060 1983 1236 2065 hiemisque
1266 1983 1410 2048 voluerit.

266 2091 462 2173 Quamquam
497 2089 598 2172 igitur
634 2109 704 2154 eum
740 2090 953 2171 aequinoctia,
994 2092 1129 2155 usitatos
1165 2090 1250 2173 apud
1287 2096 1412 2156 veteres

251 2197 377 2262 ‘harum
399 2201 622 2280 tempestatum
645 2193 771 2280 fines‚¹)
800 2197 833 2260 in
857 2203 961 2262 mente
989 2195 1136 2262 habuisse
1159 2197 1328 2262 verisimile
1352 2203 1412 2272 est,
1496 2211 1498 2252 ἐ

265 2313 370 2369 tamen
399 2303 545 2368 liberiore
567 2303 661 2367 modo
690 2304 815 2369 initium
843 2305 925 2369 veris
947 2305 1040 2369 modo
1068 2305 1101 2368 in
1125 2306 1273 2370 extremis
1296 2304 1412 2370 hiemis

265 2412 358 2476 modo
383 2413 413 2476 in
437 2409 547 2495 primis
570 2410 701 2476 aestatis
724 2410 835 2476 diebus
854 2411 997 2488 collocat,
1015 2411 1201 2495 saepiusque
1219 2434 1260 2476 ne
1278 2434 1329 2477 res
1352 2434 1412 2495 per

265 2519 400 2584 hiemem
428 2517 542 2582 doctae
574 2537 655 2600 quae
686 2537 760 2582 vere
787 2514 880 2580 finem
904 2518 1084 2602 capiebant,
1113 2518 1296 2594 dissecaret‚
1323 2523 1411 2582 totas

265 2625 361 2690 hiemi
387 2624 509 2689 tribuit.
561 2622 666 2706 Atque
692 2645 786 2705 qnam
814 2645 876 2688 nori
905 2633 991 2690 certo
1023 2625 1160 2691 termino
1188 2625 1412 2690 discernantur

265 2739 369 2798 aestas
392 2738 424 2797 et
447 2731 555 2807 hieme,
578 2730 670 2796 multi
694 2731 755 2796 loci
776 2731 927 2809 indicant,
951 2732 1065 2814 quihus
1084 2753 1138 2796 ver
1161 2733 1253 2797 modo
1276 2731 1316 2795 ad
1342 2731 1411 2796 hie-

264 2861 346 2904 mem
364 2839 457 2904 modo
476 2837 516 2903 ad
535 2842 689 2904 aestatem
707 2838 867 2921 pertinere
886 2839 1019 2906 videtur.
1050 2838 1094 2904 Ut
1111 2839 1296 2922 plerumque
1313 2840 1411 2922 primi

264 2945 395 3012 aestatis
418 2945 485 3010 dies
508 2944 612 3010 verbis
636 2935 702 3028 ἅμα
731 2945 767 3010 δὲ
789 2953 838 3030 τῷ
861 2933 915 3032 ἦρι
944 2938 1047 3023 εὐθὺς
1069 2953 1131 3011 τοῦ
1153 2941 1412 3030 ἐπιγιγνομένου

264 3049 388 3137 θέρους
407 3053 475 3138 (IV,
497 3051 574 3128 11t;
594 3052 630 3128 V,
648 3053 706 3129 403
728 3052 780 3128 Vl,
797 3053 854 3129 943
878 3053 932 3130 Vl,
951 3053 984 3130 8;
1010 3052 1096 3130 Vlll,
1115 3053 1173 3138 61)
1197 3053 1337 3135 legitime
1363 3054 1411 3116 in-

264 3162 419 3236 dicantur,
442 3160 488 3225 ita
510 3180 572 3224 uon
592 3159 707 3224 desunt
725 3158 794 3236 loci,
812 3159 927 3242 quibus
946 3150 1013 3244 ἅμα
1031 3147 1086 3246 ἦρι
1105 3160 1203 3226 verba
1226 3160 1411 3236 invenimus,

263 3266 318 3332 uhi
346 3267 431 3332 faeta
458 3267 569 3332 hiemis
597 3271 765 3331 narrantur
789 3265 844 3350 (ll,
871 3267 946 3342 103;
972 3267 1006 3345 V,
1031 3268 1096 3352 20).
1144 3267 1231 3345 Quae
1254 3265 1412 3331 eiusmodi

264 3380 350 3451 sunt,
376 3379 413 3438 ut
435 3395 493 3457 por
519 3373 653 3439 hiemem
677 3374 774 3438 ducta
795 3374 905 3457 primis
929 3375 1010 3439 veris
1034 3373 1145 3438 diebus
1168 3375 1208 3438 ad
1233 3372 1326 3438 finem
1350 3376 1410 3438 ad-

264 3481 427 3546 ducantur.
464 3479 526 3546 Sed
549 3501 667 3558 uereor,
689 3501 729 3546 ne
751 3481 876 3565 longior
898 3482 957 3546 sim
980 3483 1013 3545 in
1036 3503 1071 3546 re
1095 3481 1242 3564 simplici:
1265 3481 1298 3546 id
1322 3489 1411 3546 certe

265 3587 438 3653 ostendisse
465 3586 542 3651 mihi
569 3588 691 3664 videor,
719 3589 836 3671 optimc
860 3590 1030 3654 secundum
1053 3596 1230 3672 temporum
1253 3588 1410 3652 rationem

264 3692 456 3777 Thucydidis
474 3701 506 3758 et
524 3692 751 3776 Xenophontis,
775 3695 821 3759 ita
843 3703 878 3759 ut
901 3717 921 3760 a
939 3695 1109 3761 Plutarcho
1129 3695 1411 3771 nondissentiant,

267 3801 407 3866 Athenas
435 3801 571 3865 traditas
594 3821 676 3867 anno
699 3802 827 3866 exeunti
850 3801 948 3866 tribui
971 3823 1070 3886 posse.

354 3908 497 3991 Denique
524 3909 551 3972 si
585 3909 718 3973 forsitan
748 3909 883 3974 miretur
910 3910 1066 3993 quispiam
1098 3909 1165 3974 dies
1197 3907 1238 3973 ab
1267 3914 1410 3974 extremo

265 4017 330 4079 lere
364 4015 414 4078 dio
443 4015 696 4080 Anthesterionis
728 4035 826 4098 usque
857 4016 899 4080 ad
927 4015 1002 4080 XVI
1035 4016 1118 4082 diem
1146 4015 1358 4081 Munichionis
1391 4037 1411 4081 a

265 4123 447 4205 Thucydide
475 4145 591 4206 paucos
618 4123 795 4188 nominatos
819 4144 886 4188 csse
905 4121 958 4208 (V,
982 4122 1023 4186 26
1049 4118 1090 4187 οὐ
1112 4119 1267 4205 πολλάς);
1294 4128 1409 4188 tenen-

269 4231 478 4239 ¹—--.-·-——-.—-.

356 4269 374 4327 ¹)
393 4265 477 4320 Atist.
497 4265 585 4336 prohl.
607 4265 705 4331 XXVI,
725 4265 759 4319 26
778 4257 794 4334 ἡ
813 4260 946 4336 ἰσημερία
964 4259 1106 4337 μεθὸριὸν
1124 4261 1185 4319 ἐστι
1202 4267 1343 4338 χειμῶνος
1361 4268 1408 4320 aod

267 4350 377 4426 θέρους.
