2998 4896
271 323 314 390 ει
706 361 748 370 -
796 323 892 408 [ιιι]
940 361 981 372 .-

271 511 347 585 άντὶ
378 525 451 598 τοῦ,
477 517 691 603 βεβρωμένον
719 519 776 583 κα1
804 518 1063 604 διεφθαρμένον.
1110 519 1174 584 427
1204 511 1405 601 Ἐβάστασιν·

271 619 347 692 άντλ
373 633 435 691 τοῦ
462 623 667 710 έδοκέμασεν.
712 625 778 690 469
802 617 972 713 ’ονα1μην
1005 621 1204 711 έπιτάχοιμι,
1232 619 1406 695 ἀπολαύσω

270 726 510 819 (άπολαύσαιμι
528 753 567 797 ex
581 733 761 798 Phauorino
779 733 1010 799 restituendum
1029 734 1101 820 est).
1127 735 1194 798 493
1213 732 1406 821 Ληκοάμιδα·

269 837 453 925 κινώμεθα.
500 839 565 904 509
587 828 743 924 Ἦστρον·
777 831 817 904 τὸ
842 831 909 905 ὑπὸ
932 834 994 905 τὸν
1018 832 1173 924 ὀμφαλὸν
1195 841 1304 926 μέρος.
1348 844 1403 907 601

269 944 451 1034 Πρόξενος·
485 933 730 1032 ὁπροοτάτης.
784 946 846 1010 747
879 943 1049 1012 Διονύσια·
1084 941 1182 1034 ἑορτὴ
1209 941 1294 1034 παρ’
1320 936 1406 1035 Ἀδη-

270 1055 384 1131 ναίοις.
437 1054 497 1118 771
529 1049 657 1140 Πλάτη·
691 1049 798 1139 κώπη.
779 1040 946 1139 πλάτη
973 1056 1029 1118 καὶ
1057 1049 1145 1130 εἶδος
1171 1057 1303 1120 πλοίου.
1349 1057 1406 1121 846

269 1153 385 1226 Ἰλλόν·
411 1147 619 1246 στρεβλὸν,
643 1151 871 1245 στραβὸν,”
851 1185 871 1246 η
894 1156 1034 1241 τυφλόν.
1076 1161 1140 1226 986
1170 1158 1407 1246 ramim-721¹-

269 1291 339 1350 φει,
365 1275 470 1356 τιτρᾷ.
523 1267 605 1332 1217
634 1268 768 1353 πηκτὶς,
795 1268 970 1352 πηκτίδος·
1007 1254 1215 1350 πάνδ-ουρα
1246 1265 1408 1354 μάχαιρα

269 1368 514 1459 κρειόκοπος,
547 1364 639 1459 παρὰ
672 1373 707 1438 δὲ
736 1366 962 1458 Ἀριστοφάνει
995 1372 1032 1438 έν
1067 1372 1409 1461 θεσμοφοριαςοάσαις

269 1476 357 1558 εἶδος
376 1473 523 1566 ὀργάνου
542 1479 775 1564 κιθαραιδικοῦ
793 1473 813 1566 6
833 1476 938 1558 εἶδος
962 1473 1187 1548 ἀκολάστου
1212 1479 1407 1569 σχήματος.

271 1587 355 1653 1227
380 1587 550 1668 Διέβαλον·
575 1579 652 1652 άντ1
674 1594 737 1652 τοῦ
761 1584 974 1674 ἐξηπάτησεν.

269 1682 467 1779 *Neque
489 1696 582 1760 aliter
604 1696 638 1758 in
661 1694 838 1778 Lysistrata
860 1695 953 1778 longe
975 1696 1113 1760 maxima
1132 1717 1206 1779 pars
1226 1717 1334 1761 earum
1356 1699 1408 1761 ad·

268 1803 481 1880 notationum,
516 1823 598 1885 quae
628 1823 650 1866 ει
676 1801 774 1867 Suida
805 1802 871 1868 solo
903 1804 1087 1880 traduntur,
1118 1804 1264 1887 proprias
1295 1802 1408 1889 glossas

268 1911 496 1994 complectitur,
519 1910 607 1974 uelut
629 1910 669 1974 ad
694 1930 754 1975 vv.-

311 2017 399 2094 ,13
432 2015 632 2103 Ελρημένοι·
665 2014 872 2100 λελεγμένον.
884 2017 909 2102 ¹)
960 2017 998 2080 19
1032 2008 1231 2100 Ἑφεόμισεν·
1274 2014 1408 2103 ἔτρεφει

267 2123 341 2209 (leg.
357 2111 532 2208 έβρεφεν)
510 2125 620 2206 )57
650 2115 809 2200 Ἀττικάς·
835 2174 917 2188 .....
943 2124 999 2208 (ad
1025 2131 1088 2190 τοῦ
1111 2115 1291 2201 δέοντος“1
1271 2143 1408 2209 υστερον

268 2222 480 2314 spectant)'
458 2232 535 2295 αντὶ
566 2236 628 2295 τοῦ
656 2221 889 2348 ρστεριζούσας
915 2237 978 2294 τοῦ
1005 2238 1139 2316 καιροῦ,
1171 2227 1406 2317 βραδυνοάσας.

269 2339 310 2403 82
335 2334 442 2460 Πυγή·
466 2331 506 2402 τδ
530 2337 608 2421 περὶ
630 2327 692 2402 τὸν
715 2328 877 2422 πρωκτὸν
900 2336 1008 2421 μέρος.
1047 2339 1088 2403 89
1113 2334 1270 2424 Βλήχισν·
1294 2331 1407 2424 6766-
1478 2367 1479 2376 ι

266 2466 350 2529 χιον·
366 2435 474 2522 οὕτως
488 2443 617 2528 λέγεται
631 2467 723 2529 παρα
710 2436 903 2520 Ἀττικοῖς.
927 2438 1033 2510 Ἔστι
1053 2443 1088 2510 δ
1079 2467 1093 2508 ε
1109 2440 1214 2522 εἶδος
1230 2442 1406 2531 βοτάνης

267 2553 332 2616 καὶ
355 2545 399 2616 τὸ
424 2547 616 2637 έφήβαιον
643 2543 936 2678 Ἀριστοφάνης
954 2543 1081 2630 οὕτως
1105 2545 1299 2636 ὀνομάζει.
1350 2553 1408 2617 103

272 2651 436 2725 Ἄπεστιν·
457 2651 533 2722 άντὶ
550 2665 612 2724 τοῦ
631 2651 808 2744 άφέστηκε,
825 2653 958 2742 μακράν
978 2657 1056 2724 ἐστι.
1097 2659 1159 2724 107
1183 2658 1338 2742 Φέψαλος
1342 2645 1408 2724 καλ
1477 2705 1478 2716 .

267 2765 434 2848 φέψαλυξ·
459 2756 622 2852 σπινθὴρ,
652 2758 670 2830 6
695 2756 994 2849 ἀναφερόμενος
1018 2764 1059 2830 έκ
1084 2773 1163 2831 τῶν
1187 2765 1408 2850 καιομένων

267 2868 403 2954 ξύλων.
440 2874 501 2937 126
513 2876 642 2937 Μυᾶτε·
658 2853 759 2936 Μυᾶν
774 2870 843 2936 ἐστι
857 2862 896 2936 τὸ
912 2864 954 2937 τὰ
967 2874 1058 2958 χε1λη
1072 2863 1157 2957 πρὸς
1172 2865 1297 2957 ἄλληλα
1312 2868 1407 2938 συνά-

266 3001 345 3063 γειν.
397 2971 438 3044 78
471 2979 507 3044 δὲ
540 2971 623 3044 αὐτὸ
658 2980 715 3044 καὶ
741 2974 878 3063 μύλλειν
906 2979 1043 3064 λέγεται.
1095 2979 1202 3056 Τινὲς
1234 2980 1288 3058 δὲ,
1320 2965 1408 3053 τοὺς

267 3077 502 3170 ὀφθαλμοὺς
533 3081 723 3170 συνάγετε
751 3086 1074 3170 δυσαρεστοῦσαι.
1121 3077 1169 3150 ’ῚΙ
1191 3075 1304 3171 ὥσπερ
1333 3081 1408 3169 μάες

266 3190 477 3258 καταδάεσδε
496 3194 552 3258 καὶ
571 3188 876 3278 σκαρδαμύσσεσθε.
912 3185 957 3258 “H
971 3190 1124 3276 μάλλετε,
1149 3185 1171 3279 6
1188 3194 1406 3278 μυκτηρίζετε.

267 3300 330 3366 201
352 3291 503 3385 Ησβελη·
527 3295 738 3386 χαρήσεται.
757 3299 818 3363 221
846 3292 1019 3381 Ἐπιτυφῇ·
1045 3298 1175 3382 ἐπικαῇ,
1200 3297 1407 3383 ἐπικυρωθῇ,

267 3406 436 3488 έπικαυθῇ
470 3397 522 3471 ἐπ)
554 3405 635 3490 ἐμο1.
683 3405 747 3469 256
785 3401 936 3471 {stama-
966 3397 1136 3485 α’έλπιστα,
1165 3398 1406 3525 ἀπροσδόκητα

266 3513 330 3578 275
359 3507 576 3597 Ἀψάλακτος·
601 3499 758 3598 άπαδὴς,
766 3505 987 3598 άτιμώρητος·
1016 3504 1258 3596 Άψάλακτον
1277 3504 1349 3598 γὰρ
1366 3503 1405 3576 τὸ

267 3613 439 3686 άτικτον.
478 3620 542 3684 279
567 3613 733 3697 Ἅλουτος·
757 3621 858 3703 χωρὶς
876 3627 985 3685 τουσ
1025 3620 1089 3684 295
1117 3623 1168 3684 Φυ
1186 3641 1247 3701 φυ
1272 3618 1329 3686 ἐπὶ
1349 3625 1407 3683 τοῦ

266 3824 493 3957 τὴνβοράν,
512 3831 621 3900 οἱονε
627 3830 892 3918 1βορύκσυσα.
921 3833 988 3896 444
1004 3830 1159 3910 Ιιυαβσς
1180 3825 1406 3958 άντλητηριον,

265 3939 389 4025 μέτρον
413 3931 516 4024 ὑγροῦ
540 3934 752 4025 οὖγγιαλνβ,
780 3927 1024 4026 ἢκοχλιάριον.
1070 3941 1137 4004 474
1160 3939 1253 4025 Μηδὲ
1281 3937 1407 4026 κάρφος

265 4059 384 4111 κινεῖν·
423 4045 479 4111 έπ1
515 4054 578 4113 τοῦ
613 4040 748 4134 ἡσύχου.
812 4047 876 4110 491
916 4035 1146 4132 Κορκορυγάς·
1180 4097 1326 4112 ......
1355 4045 1406 4132 (ad

265 4143 485 4269 ΙΙέοριιορυγην
514 4148 661 4239 ἐκύκων)
695 4147 770 4218 άντὶ
797 4161 860 4218 τοῦ
887 4145 1032 4240 ταραχὴν
1065 4151 1210 4218 έκλνουν.
1257 4153 1323 4220 550
1355 4144 1406 4238 Μὴ

323 4297 357 4360 ¹)
378 4295 564 4363 corruptum
556 4312 584 4349 1n
604 4296 681 4350 codd.
691 4296 805 4350 Barocc
816 4301 844 4350 et
859 4295 1002 4350 Leidensi:
1023 4291 1173 4364 εἰρημένον
1190 4289 1253 4350 ἀντὶ
1273 4299 1360 4350 τοῦτ
1338 4293 1406 4366 εἰρη-

266 4379 352 4450 μεἰσν
372 4378 479 4437 ἀττιινκ
456 4388 507 4452 633
528 4385 673 4454 legendum
694 4390 736 4438 est
755 4380 815 4438 ἀντὶ
836 4388 885 4440 τοῦ
905 4383 1077 4456 λελεγμένοι
1098 4384 1153 4452 (uel
1172 4383 1360 4455 λελεγμένον).
