2982 4884
273 339 336 400 κιο
709 373 752 384 -
801 337 884 419 μοι]
932 374 975 384 -

271 524 404 612 κράτος)
432 524 606 610 Προδίκου
628 549 663 590 τε
686 531 747 590 τοῦ
769 530 873 591 Κείου
895 527 953 589 καὶ
978 529 1122 609 Γοργίου
1145 529 1206 588 τοῦ
1219 527 1388 587 Λεοντίνου

273 631 330 696 καλ
356 634 474 694 Τισίου
503 637 564 695 τοῦ
585 633 818 713 Συρακουσίου
847 634 914 694 τῶν
943 625 1018 694 τότε
1047 633 1207 712 μέγιστον
1237 622 1338 708 ὄνομα
1364 623 1392 690 ἐι·

272 746 344 810 τοῖς
357 727 375 752 “
397 734 515 819 llpow
536 729 684 814 ἐχόντων
707 730 766 798 ἐπὶ
788 736 907 819 σοφίᾳ.
954 735 1060 797 53510s
1082 731 1123 796 de
1146 729 1258 796 eodem
1274 731 1392 796 Isocrate

274 837 450 922 Dionysius
472 837 535 901 ita:
563 833 744 918 ἐπιθυμῶν
766 835 803 900 δὲ
823 833 923 922 δόξης
947 836 1003 899 καὶ
1026 841 1087 900 τοῦ
1108 840 1300 918 πρωτεῦσαι
1315 830 1391 914 παρά

273 953 344 1016 τοῖς
366 933 523 1026 Ἕλλησιν
546 935 603 1003 ἐπὶ
628 943 746 1024 σοφίᾳ.
795 941 906 1004 1112ιο
937 936 1016 1014 τοὺς
1045 935 1326 1019 θαυμαζομένους
1345 933 1388 1000 ἐπὶ

273 1049 380 1130 σοφίᾳ
403 1044 460 1106 καὶ
482 1045 671 1126 κρατίστων
694 1039 804 1125 λόγων
826 1039 971 1128 ποιητὰς
1000 1040 1243 1124 νομιζομένους
1262 1033 1389 1118 Ἰσοκρά-

273 1172 333 1234 την
356 1148 413 1210 καὶ
436 1144 617 1210 Πλάτωνα.
666 1145 728 1211 Pro
752 1143 849 1210 ἰδίων
870 1145 904 1210 in
927 1145 1039 1210 eodem
1062 1164 1157 1210 versu
1184 1143 1295 1228 scripsi
1316 1141 1390 1206 ίὸιο-

273 1257 382 1330 τικιῖιν,
410 1249 452 1315 ef.
478 1269 561 1332 quae
583 1270 660 1332 pag.
686 1251 750 1312 202
772 1248 841 1314 dixi
863 1249 905 1313 ad
929 1269 962 1332 p.
981 1251 1114 1314 639loss.

359 1375 391 1439 p.
417 1355 539 1417 96312ss
576 1348 626 1416 Τά
660 1349 723 1436 γάρ
758 1345 923 1418 ἀντίθετά
957 1374 992 1416 τε
1026 1351 1083 1414 καὶ
1117 1348 1248 1434 πάρισα
1281 1349 1332 1412 καὶ
1362 1345 1393 1408 τά

273 1453 498 1542 παραπλήσια
521 1452 654 1530 τούτοις
677 1449 753 1520 οὔτε
776 1452 999 1539 μετριάζοντα
1024 1449 1100 1520 οὔτε
1123 1459 1229 1538 καιρῷ
1252 1451 1391 1536 γινόμενα

273 1557 490 1641 καταισχύνει
511 1555 571 1644 τὴν
593 1559 892 1642 μεγαλοπρέπειαν
915 1551 1029 1644 αὐτῆς.
1076 1557 1254 1642 Dionysius
1283 1555 1392 1639 scripsit

273 1658 349 1728 οὔτε
372 1659 596 1746 μετριάζοντα
613 1655 682 1727 οὔτ’
703 1660 745 1726 ἒν
767 1667 901 1745 καιρῷ
923 1657 1099 1744 γινόμεναζ
1126 1659 1167 1725 ef.
1193 1680 1226 1744 p.
1247 1663 1333 1723 56113
1356 1653 1391 1720 Tl

273 1765 336 1852 γάρ
360 1762 404 1852 μὴ
429 1764 465 1829 έν
487 1771 592 1848 καιρῷ
615 1768 774 1848 γίνεσθαι
797 1757 878 1850 μηδ’
897 1760 933 1828 έν
956 1757 1026 1849 ὥρᾳ
1049 1766 1307 1846 προσίστασθαί
1322 1785 1390 1846 (spo

273 1882 347 1946 ταῖς
370 1863 498 1944 ἀκοαῖς.
548 1869 622 1932 7875
647 1862 722 1932 οὔτε
746 1865 809 1951 γάρ
834 1861 1016 1951 ἀναγκαῖαί
1035 1890 1127 1942 ,τινες
1150 1860 1261 1932 αὐτῶν
1284 1857 1349 1930 οὔτ’
1366 1861 1392 1926 ἐν

273 1979 378 2056 καιρῷ
400 1968 586 2055 γινόμεναι.

359 2097 391 2160 p.
411 2077 517 2139 eelzss
543 2079 659 2138 Ταῦτα
682 2077 798 2154 μέντοι
821 2073 974 2156 πολλαχῇ
997 2077 1212 2156 μακροτέραν
1241 2097 1277 2137 τε
1306 2065 1393 2154 αὐτῷ

279 2183 332 2264 [se.
351 2177 411 2264 τὴν
429 2171 641 2260 Ἰσοκράτους
663 2175 763 2255 λέξιν)
792 2187 884 2240 ποιεῖ
907 2176 964 2239 καὶ
988 2169 1267 2262 ἀναληθεστέραν
1289 2168 1390 2256 ἀασθῇ

273 2305 307 2346 τε
338 2281 394 2344 καὶ
424 2281 541 2345 lacuna
567 2281 690 2342 11-12
713 2279 774 2343 litt.
808 2277 1041 2365 πανηγυρικὴν
1073 2279 1204 2361 μᾶλλον
1238 2271 1257 2364 ἢ
1287 2275 1393 2362 ἐναγῶν

272 2409 347 2450 νιον
361 2385 404 2448 Μ.
452 2383 584 2448 Hiatum
612 2383 658 2448 ita
681 2383 894 2467 expleverim:
928 2377 1050 2468 ἀπαθῆ
1075 2406 1110 2448 τε
1133 2383 1190 2447 καὶ
1206 2378 1390 2469 (ἀφ-οχον.

274 2486 366 2575 καί)
390 2483 622 2573 πανηγυρικὴν
643 2487 773 2568 μᾶλλον
801 2480 820 2572 ἢ
844 2475 1035 2570 ε’ναγώνιον,
1070 2487 1110 2551 el.
1136 2508 1169 2572 p.
1191 2490 1302 2551 101212
1324 2479 1392 2548 ἀλλὰ

273 2589 340 2677 μὴν
370 2583 423 2654 ὅτι
444 2583 478 2673 γ’
497 2583 665 2672 ἀφυχός
696 2588 788 2654 ε’στιν
816 2583 834 2674 ἡ
862 2587 1035 2666 διάλεκτος
1059 2583 1164 2656 αὐτοῦ
1191 2591 1246 2670 (se.
1262 2583 1392 2670 Ἰσοκρά-

273 2697 360 2777 τους)
388 2693 445 2758 καὶ
468 2686 515 2758 οὐ
537 2689 756 2778 παθητικὴ
791 2742 797 2754 .
827 2741 832 2756 .
864 2741 870 2755 .
902 2691 1018 2775 ολόμαι
1050 2741 1058 2756 .
1087 2743 1093 2756 .
1124 2743 1130 2755 .
1164 2686 1293 2758 ἀπσσιν
1320 2685 1391 2756 εἶναι

274 2793 436 2884 φανεράν.
484 2799 574 2862 6431ι
598 2791 635 2862 τὸ
659 2801 725 2860 τῶν
747 2799 875 2861 παθῶν
897 2794 1064 2880 ἔμψυχον.

360 2923 392 2986 p.
418 2904 524 2966 9661³s
550 2893 768 2986 Ἀλληγορίας
796 2923 831 2964 τε
862 2899 1104 2982 περιβάλλεται
1135 2898 1265 2976 πολλάς
1294 2899 1393 2964 lacuna

276 3005 401 3070 10-13
417 3003 478 3069 litt.
505 2997 580 3068 οὔτε
603 3007 728 3087 μέτρον
757 3000 900 3084 έχσάσας
923 2997 999 3068 οάτε
1023 2999 1143 3088 καιρόν
1165 3003 1208 3067 Μ.
1256 3004 1294 3068 ln
1315 3001 1393 3086 epist.

273 3107 315 3172 ad
332 3107 391 3174 On.
409 3107 522 3190 Pomp.
545 3127 578 3190 p.
595 3109 671 3170 760⁸
694 3102 938 3189 περιβάλλεται
958 3102 1090 3188 μακράς
1113 3107 1170 3168 καὶ
1186 3102 1316 3180 πολλάς
1329 3103 1393 3178 llll.

274 3211 314 3277 de
337 3231 401 3293 qua
422 3210 588 3275 verborum
612 3208 820 3276 collocatione
842 3209 1080 3275 Herwerdenus
1109 3227 1167 3273 suo
1195 3209 1265 3274 iure
1288 3206 1395 3272 dubitat

273 3313 353 3379 haee
376 3312 533 3378 adnotans
555 3322 595 3396 [p.
615 3313 700 3394 Uol:
729 3311 904 3390 „Usitatior
926 3312 1003 3378 ordo
1019 3313 1187 3378 verborum
1210 3317 1260 3378 est
1283 3303 1396 3380 πολλάς

273 3419 331 3482 καὶ
352 3415 517 3500 μακράς.“
563 3416 631 3482 Hoc
654 3416 695 3482 de
718 3415 781 3498 quo
804 3416 911 3500 agitur
933 3417 1003 3482 loeo
1019 3436 1091 3481 oum
1107 3423 1193 3482 certo
1208 3413 1393 3480 seribendum

274 3520 317 3587 sit
347 3516 477 3595 πολλὰς
498 3516 590 3605 (καί
618 3516 821 3608 μακράς),
848 3539 912 3585 non
940 3518 1061 3599 dubito,
1093 3518 1171 3602 quin
1195 3519 1303 3598 altero,
1335 3533 1393 3580 eum

273 3622 461 3708 praesertim
484 3641 525 3686 ex
546 3621 603 3687 illo
633 3622 786 3706 repetitus
816 3623 868 3702 sit,
901 3623 1071 3688 verborum
1094 3621 1172 3687 ordo
1198 3618 1326 3705 μακρὰς
1349 3613 1393 3680 καί

274 3721 404 3800 πολλάς
426 3724 603 3790 scribarum
625 3724 779 3804 incuriae,
805 3745 870 3790 non
892 3724 1049 3808 Dionysio
1072 3722 1259 3790 tribuendus
1281 3723 1328 3789 sit.

359 3849 392 3914 p.
410 3831 517 3893 970oss
543 3825 720 3914 Τοσαύτην
742 3825 929 3915 ἐκμηκύνας
959 3831 1169 3914 περίφρασιν
1192 3821 1314 3910 ὀλίγοις
1334 3831 1391 3892 ιοῐεΙ

273 3930 419 4015 ὀνόμασι
441 3931 631 4014 δυναμένου
653 3932 913 4018 περιληφθῆναι
927 3929 1126 4015 πράγματος
1142 3926 1389 4012 ἐπιλαμβάνεται

272 4044 331 4124 τῆς
354 4030 512 4120 ἀκαιρίας
533 4041 592 4122 τῆς
615 4028 717 4112 αὐτὸς
740 4029 845 4102 αὑτοῦ
867 4035 916 4100 M:
943 4028 1100 4118 ἀκαιρίας
1123 4027 1227 4110 αὐτὸς
1249 4011 1385 4098 alveolo

275 4141 324 4204 Ex
340 4139 544 4205 Ambrosiani
565 4138 701 4206 lectione
724 4159 821 4206 sensu
843 4139 903 4205 illa
924 4138 1053 4221 quidem
1075 4137 1229 4204 destituta
1249 4135 1328 4203 facili
1343 4149 1388 4196 ne-

273 4241 360 4324 gotio
383 4243 456 4308 eliel
478 4261 575 4327 posse
598 4248 675 4325 pulo
698 4240 967 4324 ἐπιλαμβάνεται
989 4248 1047 4328 τῆς
1071 4234 1228 4324 ἀκαιρίας
1253 4245 1313 4326 τῆς
1333 4225 1389 4297 αὖ·
