<?xml version="1.0" encoding="UTF-8"?>
<!DOCTYPE html PUBLIC "-//W3C//DTD XHTML 1.0 Transitional//EN"
    "http://www.w3.org/TR/xhtml1/DTD/xhtml1-transitional.dtd">
<html xmlns="http://www.w3.org/1999/xhtml" xml:lang="en" lang="en">
 <head>
  <title>
</title>
<meta http-equiv="Content-Type" content="text/html;charset=utf-8" />
  <meta name='ocr-system' content='tesseract 3.04.00' />
  <meta name='ocr-capabilities' content='ocr_page ocr_carea ocr_par ocr_line ocrx_word'/>
</head>
<body>
  <div class='ocr_page' id='page_1' title='image "./dissertationesp02unkngoog/dissertationesp02unkngoog_0202.png"; bbox 0 0 2998 4896; ppageno 0'>
   <div class='ocr_carea' id='block_1_1' title="bbox 514 373 1221 463">
    <p class='ocr_par' dir='ltr' id='par_1_1' title="bbox 514 373 1221 463">
     <span class='ocr_line' id='line_1_1' title="bbox 514 373 1221 463; baseline -0.003 -23"><span class='ocrx_word' id='word_1_1' title='bbox 514 413 555 423; x_wconf 89' lang='lat'><em>-</em></span> <span class='ocrx_word' id='word_1_2' title='bbox 603 373 694 463; x_wconf 79' lang='lat'>[193]</span> <span class='ocrx_word' id='word_1_3' title='bbox 743 413 784 422; x_wconf 85' lang='lat'><em>-</em></span> <span class='ocrx_word' id='word_1_4' title='bbox 1178 375 1221 439; x_wconf 70' lang='lat' dir='ltr'><strong>ra</strong></span> 
     </span>
    </p>
   </div>
   <div class='ocr_carea' id='block_1_2' title="bbox 91 566 1295 3959">
    <p class='ocr_par' dir='ltr' id='par_1_2' title="bbox 91 566 1227 1714">
     <span class='ocr_line' id='line_1_2' title="bbox 93 566 1224 657; baseline 0.004 -27"><span class='ocrx_word' id='word_1_5' title='bbox 93 567 293 651; x_wconf 77' lang='lat' dir='ltr'><strong>deprehendit</strong></span> <span class='ocrx_word' id='word_1_6' title='bbox 316 574 422 634; x_wconf 86' lang='lat' dir='ltr'><strong>autem</strong></span> <span class='ocrx_word' id='word_1_7' title='bbox 446 572 529 654; x_wconf 92' lang='lat' dir='ltr'><strong>apud</strong></span> <span class='ocrx_word' id='word_1_8' title='bbox 554 569 684 636; x_wconf 88' lang='lat' dir='ltr'><strong>Suidam</strong></span> <span class='ocrx_word' id='word_1_9' title='bbox 707 566 890 656; x_wconf 80' lang='grc' dir='ltr'><strong><em>ληκώμεθα</em></strong></span> <span class='ocrx_word' id='word_1_10' title='bbox 901 571 927 657; x_wconf 92' lang='lat'><strong>¹)</strong></span> <span class='ocrx_word' id='word_1_11' title='bbox 950 570 1117 635; x_wconf 86' lang='lat' dir='ltr'><strong>lectionem</strong></span> <span class='ocrx_word' id='word_1_12' title='bbox 1136 570 1224 635; x_wconf 86' lang='lat' dir='ltr'><strong>Pier-</strong></span> 
     </span>
     <span class='ocr_line' id='line_1_3' title="bbox 91 669 1224 762; baseline 0.002 -23"><span class='ocrx_word' id='word_1_13' title='bbox 91 677 216 762; x_wconf 78' lang='lat' dir='ltr'><strong>sonus’).</strong></span> <span class='ocrx_word' id='word_1_14' title='bbox 272 675 352 740; x_wconf 84' lang='lat' dir='ltr'><strong>Tum</strong></span> <span class='ocrx_word' id='word_1_15' title='bbox 383 677 542 760; x_wconf 88' lang='lat' dir='ltr'><strong>scriptura</strong></span> <span class='ocrx_word' id='word_1_16' title='bbox 577 669 714 761; x_wconf 77' lang='grc' dir='ltr'><strong><em>μάλισθ’</em></strong></span> <span class='ocrx_word' id='word_1_17' title='bbox 738 669 821 742; x_wconf 83' lang='grc' dir='ltr'><strong><em>ὅταν</em></strong></span> <span class='ocrx_word' id='word_1_18' title='bbox 853 675 1062 760; x_wconf 83' lang='lat' dir='ltr'><strong>praeferenda</strong></span> <span class='ocrx_word' id='word_1_19' title='bbox 1096 677 1224 742; x_wconf 87' lang='lat' dir='ltr'><strong>uidetur</strong></span> 
     </span>
     <span class='ocr_line' id='line_1_4' title="bbox 92 773 1225 869; baseline 0.003 -25"><span class='ocrx_word' id='word_1_20' title='bbox 92 781 131 844; x_wconf 63' lang='grc' dir='ltr'><strong>λλἰε</strong></span> <span class='ocrx_word' id='word_1_21' title='bbox 157 773 237 847; x_wconf 83' lang='grc' dir='ltr'><strong><em>ὅταν</em></strong></span> <span class='ocrx_word' id='word_1_22' title='bbox 264 775 411 867; x_wconf 77' lang='grc' dir='ltr'><strong><em>μάλισθ’,</em></strong></span> <span class='ocrx_word' id='word_1_23' title='bbox 445 785 529 869; x_wconf 90' lang='lat' dir='ltr'><strong>quod</strong></span> <span class='ocrx_word' id='word_1_24' title='bbox 561 785 676 869; x_wconf 79' lang='lat' dir='ltr'><strong>frigide</strong></span> <span class='ocrx_word' id='word_1_25' title='bbox 709 785 864 850; x_wconf 87' lang='lat' dir='ltr'><strong>Kustcrus</strong></span> <span class='ocrx_word' id='word_1_26' title='bbox 888 785 1019 850; x_wconf 81' lang='lat' dir='ltr'>Vossius</span> <span class='ocrx_word' id='word_1_27' title='bbox 1047 783 1225 849; x_wconf 88' lang='lat' dir='ltr'><strong>Brunckius</strong></span> 
     </span>
     <span class='ocr_line' id='line_1_5' title="bbox 92 889 1225 976; baseline 0.004 -27"><span class='ocrx_word' id='word_1_28' title='bbox 92 889 281 972; x_wconf 83' lang='lat' dir='ltr'><strong>interpretati</strong></span> <span class='ocrx_word' id='word_1_29' title='bbox 308 897 396 954; x_wconf 85' lang='lat' dir='ltr'><strong>sunt:</strong></span> <span class='ocrx_word' id='word_1_30' title='bbox 424 891 451 955; x_wconf 88' lang='lat' dir='ltr'><strong>si</strong></span> <span class='ocrx_word' id='word_1_31' title='bbox 478 893 531 956; x_wconf 86' lang='lat' dir='ltr'><strong>uel</strong></span> <span class='ocrx_word' id='word_1_32' title='bbox 559 892 694 956; x_wconf 82' lang='lat' dir='ltr'><strong>maxime</strong></span> <span class='ocrx_word' id='word_1_33' title='bbox 718 893 765 976; x_wconf 96' lang='lat' dir='ltr'><strong>(id</strong></span> <span class='ocrx_word' id='word_1_34' title='bbox 795 897 843 956; x_wconf 87' lang='lat' dir='ltr'><strong>est</strong></span> <span class='ocrx_word' id='word_1_35' title='bbox 871 889 1160 974; x_wconf 80' lang='lat' dir='ltr'><strong>uehementissime)</strong></span> <span class='ocrx_word' id='word_1_36' title='bbox 1184 889 1225 954; x_wconf 91' lang='lat' dir='ltr'><strong>ab</strong></span> 
     </span>
     <span class='ocr_line' id='line_1_6' title="bbox 92 995 1226 1082; baseline 0.003 -25"><span class='ocrx_word' id='word_1_37' title='bbox 92 995 185 1080; x_wconf 86' lang='lat' dir='ltr'><strong>aliquo</strong></span> <span class='ocrx_word' id='word_1_38' title='bbox 208 997 408 1080; x_wconf 85' lang='lat' dir='ltr'><strong>subagitatac</strong></span> <span class='ocrx_word' id='word_1_39' title='bbox 431 997 543 1074; x_wconf 88' lang='lat' dir='ltr'><strong>simus;</strong></span> <span class='ocrx_word' id='word_1_40' title='bbox 565 1005 707 1082; x_wconf 81' lang='lat' dir='ltr'>praestat</span> <span class='ocrx_word' id='word_1_41' title='bbox 731 1019 805 1064; x_wconf 86' lang='lat' dir='ltr'><strong>sane</strong></span> <span class='ocrx_word' id='word_1_42' title='bbox 827 1003 968 1062; x_wconf 87' lang='lat' dir='ltr'><strong>uertere:</strong></span> <span class='ocrx_word' id='word_1_43' title='bbox 991 1005 1060 1062; x_wconf 88' lang='lat' dir='ltr'><strong>tum</strong></span> <span class='ocrx_word' id='word_1_44' title='bbox 1083 997 1226 1072; x_wconf 84' lang='lat' dir='ltr'><strong>maxime,</strong></span> 
     </span>
     <span class='ocr_line' id='line_1_7' title="bbox 94 1102 1225 1189; baseline 0.002 -25"><span class='ocrx_word' id='word_1_45' title='bbox 94 1123 153 1164; x_wconf 89' lang='lat' dir='ltr'><strong>cum</strong></span> <span class='ocrx_word' id='word_1_46' title='bbox 174 1102 339 1187; x_wconf 89' lang='lat' dir='ltr'><strong>abaliquo</strong></span> <span class='ocrx_word' id='word_1_47' title='bbox 359 1104 558 1189; x_wconf 86' lang='lat' dir='ltr'><strong>subagitatac</strong></span> <span class='ocrx_word' id='word_1_48' title='bbox 581 1127 701 1182; x_wconf 90' lang='lat' dir='ltr'><strong>sumus,</strong></span> <span class='ocrx_word' id='word_1_49' title='bbox 728 1103 825 1170; x_wconf 85' lang='lat' dir='ltr'><strong>alium</strong></span> <span class='ocrx_word' id='word_1_50' title='bbox 849 1104 1034 1170; x_wconf 84' lang='lat' dir='ltr'><strong>mandimus.</strong></span> <span class='ocrx_word' id='word_1_51' title='bbox 1080 1104 1225 1185; x_wconf 85' lang='lat' dir='ltr'><strong>Denique</strong></span> 
     </span>
     <span class='ocr_line' id='line_1_8' title="bbox 95 1197 1226 1296; baseline 0.003 -25"><span class='ocrx_word' id='word_1_52' title='bbox 95 1197 174 1293; x_wconf 78' lang='grc' dir='ltr'><strong><em>ὃλην,</em></strong></span> <span class='ocrx_word' id='word_1_53' title='bbox 204 1211 264 1274; x_wconf 86' lang='lat' dir='ltr'><strong>etsi</strong></span> <span class='ocrx_word' id='word_1_54' title='bbox 293 1231 417 1275; x_wconf 89' lang='lat' dir='ltr'><strong>sensum</strong></span> <span class='ocrx_word' id='word_1_55' title='bbox 445 1211 585 1294; x_wconf 87' lang='lat' dir='ltr'><strong>lepidum</strong></span> <span class='ocrx_word' id='word_1_56' title='bbox 617 1210 727 1287; x_wconf 84' lang='lat' dir='ltr'><strong>efficit,</strong></span> <span class='ocrx_word' id='word_1_57' title='bbox 760 1210 941 1294; x_wconf 86' lang='lat' dir='ltr'><strong>glossemati</strong></span> <span class='ocrx_word' id='word_1_58' title='bbox 969 1213 1009 1274; x_wconf 84' lang='lat' dir='ltr'><strong>ad</strong></span> <span class='ocrx_word' id='word_1_59' title='bbox 1038 1201 1100 1296; x_wconf 81' lang='grc' dir='ltr'><strong>τὴν</strong></span> <span class='ocrx_word' id='word_1_60' title='bbox 1128 1201 1226 1292; x_wconf 72' lang='grc' dir='ltr'><strong><em>νύχθ’</em></strong></span> 
     </span>
     <span class='ocr_line' id='line_1_9' title="bbox 94 1315 1227 1400; baseline 0.003 -23"><span class='ocrx_word' id='word_1_61' title='bbox 94 1315 239 1399; x_wconf 86' lang='lat' dir='ltr'><strong>adscripta</strong></span> <span class='ocrx_word' id='word_1_62' title='bbox 266 1316 374 1382; x_wconf 88' lang='lat' dir='ltr'><strong>deberi</strong></span> <span class='ocrx_word' id='word_1_63' title='bbox 398 1319 570 1382; x_wconf 89' lang='lat' dir='ltr'><strong>uerisimile</strong></span> <span class='ocrx_word' id='word_1_64' title='bbox 594 1327 655 1395; x_wconf 91' lang='lat' dir='ltr'><strong>est,</strong></span> <span class='ocrx_word' id='word_1_65' title='bbox 683 1341 753 1383; x_wconf 89' lang='lat' dir='ltr'><strong>cum</strong></span> <span class='ocrx_word' id='word_1_66' title='bbox 776 1319 963 1400; x_wconf 88' lang='lat' dir='ltr'><strong>praesertim</strong></span> <span class='ocrx_word' id='word_1_67' title='bbox 987 1317 1026 1380; x_wconf 87' lang='lat' dir='ltr'><strong>dc</strong></span> <span class='ocrx_word' id='word_1_68' title='bbox 1049 1316 1147 1398; x_wconf 90' lang='lat' dir='ltr'><strong>orgiis</strong></span> <span class='ocrx_word' id='word_1_69' title='bbox 1170 1335 1227 1400; x_wconf 90' lang='lat' dir='ltr'><strong>per</strong></span> 
     </span>
     <span class='ocr_line' id='line_1_10' title="bbox 94 1421 1226 1513; baseline 0.002 -29"><span class='ocrx_word' id='word_1_70' title='bbox 94 1429 180 1486; x_wconf 85' lang='lat' dir='ltr'><strong>totam</strong></span> <span class='ocrx_word' id='word_1_71' title='bbox 207 1430 331 1488; x_wconf 86' lang='lat' dir='ltr'><strong>noctem</strong></span> <span class='ocrx_word' id='word_1_72' title='bbox 353 1425 544 1508; x_wconf 83' lang='lat' dir='ltr'><strong>perpetratis</strong></span> <span class='ocrx_word' id='word_1_73' title='bbox 567 1427 619 1506; x_wconf 84' lang='lat' dir='ltr'><strong>agi</strong></span> <span class='ocrx_word' id='word_1_74' title='bbox 643 1425 754 1490; x_wconf 82' lang='lat' dir='ltr'><strong>doceat</strong></span> <span class='ocrx_word' id='word_1_75' title='bbox 778 1421 889 1513; x_wconf 60' lang='grc' dir='ltr'><em>ἕωθεν</em></span> <span class='ocrx_word' id='word_1_76' title='bbox 912 1423 1114 1498; x_wconf 89' lang='lat' dir='ltr'><strong>aduerbium‚</strong></span> <span class='ocrx_word' id='word_1_77' title='bbox 1142 1423 1226 1506; x_wconf 91' lang='lat' dir='ltr'><strong>quod</strong></span> 
     </span>
     <span class='ocr_line' id='line_1_11' title="bbox 94 1523 1226 1616; baseline 0.002 -26"><span class='ocrx_word' id='word_1_78' title='bbox 94 1529 220 1608; x_wconf 78' lang='lat' dir='ltr'><strong>proxime</strong></span> <span class='ocrx_word' id='word_1_79' title='bbox 238 1531 394 1613; x_wconf 68' lang='lat' dir='ltr'><strong>aequitum</strong></span> <span class='ocrx_word' id='word_1_80' title='bbox 416 1533 538 1614; x_wconf 84' lang='lat' dir='ltr'><strong>recapit</strong></span> <span class='ocrx_word' id='word_1_81' title='bbox 556 1539 662 1596; x_wconf 85' lang='lat' dir='ltr'><strong>tamen</strong></span> <span class='ocrx_word' id='word_1_82' title='bbox 687 1523 768 1616; x_wconf 82' lang='grc' dir='ltr'><strong><em>ὅλην</em></strong></span> <span class='ocrx_word' id='word_1_83' title='bbox 788 1525 940 1596; x_wconf 85' lang='lat' dir='ltr'><strong>Valsenus</strong></span> <span class='ocrx_word' id='word_1_84' title='bbox 963 1531 996 1593; x_wconf 93' lang='lat' dir='ltr'><strong>in</strong></span> <span class='ocrx_word' id='word_1_85' title='bbox 1016 1551 1141 1594; x_wconf 87' lang='lat' dir='ltr'><strong>uersum</strong></span> <span class='ocrx_word' id='word_1_86' title='bbox 1160 1529 1226 1592; x_wconf 87' lang='grc'><strong>493</strong></span> 
     </span>
     <span class='ocr_line' id='line_1_12' title="bbox 94 1627 322 1714; baseline 0.013 -17"><span class='ocrx_word' id='word_1_87' title='bbox 94 1655 141 1714; x_wconf 88' lang='lat' dir='ltr'><strong>pro</strong></span> <span class='ocrx_word' id='word_1_88' title='bbox 162 1627 226 1700; x_wconf 76' lang='grc' dir='ltr'><strong>ὑπό</strong></span> <span class='ocrx_word' id='word_1_89' title='bbox 250 1660 322 1702; x_wconf 86' lang='grc' dir='ltr'>του.</span> 
     </span>
    </p>

    <p class='ocr_par' dir='ltr' id='par_1_3' title="bbox 170 1742 469 1808">
     <span class='ocr_line' id='line_1_13' title="bbox 170 1742 469 1808; baseline 0.003 -2"><span class='ocrx_word' id='word_1_90' title='bbox 170 1742 206 1807; x_wconf 95' lang='lat' dir='ltr'><strong>ln</strong></span> <span class='ocrx_word' id='word_1_91' title='bbox 229 1763 276 1808; x_wconf 81' lang='lat' dir='ltr'><strong>rr.</strong></span> <span class='ocrx_word' id='word_1_92' title='bbox 300 1743 363 1808; x_wconf 81' lang='lat'><strong>531</strong></span> <span class='ocrx_word' id='word_1_93' title='bbox 390 1743 469 1808; x_wconf 78' lang='lat'>532:</span> 
     </span>
    </p>

    <p class='ocr_par' dir='ltr' id='par_1_4' title="bbox 161 1841 1155 1935">
     <span class='ocr_line' id='line_1_14' title="bbox 161 1841 1155 1935; baseline 0 -21"><span class='ocrx_word' id='word_1_94' title='bbox 161 1841 241 1914; x_wconf 77' lang='grc' dir='ltr'><strong>Ἀλλ’</strong></span> <span class='ocrx_word' id='word_1_95' title='bbox 265 1843 307 1915; x_wconf 82' lang='lat' dir='ltr'><strong>cd</strong></span> <span class='ocrx_word' id='word_1_96' title='bbox 329 1846 391 1934; x_wconf 81' lang='grc' dir='ltr'><strong>γάρ</strong></span> <span class='ocrx_word' id='word_1_97' title='bbox 416 1848 486 1915; x_wconf 72' lang='grc' dir='ltr'><strong><em>ἐστι</em></strong></span> <span class='ocrx_word' id='word_1_98' title='bbox 509 1857 581 1914; x_wconf 79' lang='grc' dir='ltr'><strong>τῶν</strong></span> <span class='ocrx_word' id='word_1_99' title='bbox 605 1844 838 1933; x_wconf 69' lang='grc' dir='ltr'><strong><em>ἀναισχύντων</em></strong></span> <span class='ocrx_word' id='word_1_100' title='bbox 862 1846 961 1932; x_wconf 83' lang='grc' dir='ltr'><strong><em>φύσει</em></strong></span> <span class='ocrx_word' id='word_1_101' title='bbox 983 1857 1155 1935; x_wconf 79' lang='grc' dir='ltr'><strong><em>γυναικῶν</em></strong></span> 
     </span>
    </p>

    <p class='ocr_par' dir='ltr' id='par_1_5' title="bbox 95 1948 1229 2775">
     <span class='ocr_line' id='line_1_15' title="bbox 159 1948 1041 2043; baseline 0.002 -23"><span class='ocrx_word' id='word_1_102' title='bbox 159 1951 258 2022; x_wconf 77' lang='grc' dir='ltr'>οὐδὲν</span> <span class='ocrx_word' id='word_1_103' title='bbox 281 1953 404 2022; x_wconf 83' lang='grc' dir='ltr'><strong><em>κάκιον</em></strong></span> <span class='ocrx_word' id='word_1_104' title='bbox 429 1957 475 2034; x_wconf 80' lang='grc' dir='ltr'><strong>εἰς</strong></span> <span class='ocrx_word' id='word_1_105' title='bbox 498 1948 631 2022; x_wconf 72' lang='grc' dir='ltr'><em>ἅπαντα</em></span> <span class='ocrx_word' id='word_1_106' title='bbox 654 1949 742 2043; x_wconf 80' lang='grc' dir='ltr'><strong><em>πλὴν</em></strong></span> <span class='ocrx_word' id='word_1_107' title='bbox 767 1951 864 2022; x_wconf 85' lang='grc' dir='ltr'><strong><em>ἄλλαι</em></strong></span> <span class='ocrx_word' id='word_1_108' title='bbox 886 1970 1041 2040; x_wconf 78' lang='grc' dir='ltr'><em>γυναῖκες</em></span> 
     </span>
     <span class='ocr_line' id='line_1_16' title="bbox 95 2055 1226 2150; baseline 0.003 -27"><span class='ocrx_word' id='word_1_109' title='bbox 95 2061 180 2126; x_wconf 87' lang='lat' dir='ltr'><strong>uerba</strong></span> <span class='ocrx_word' id='word_1_110' title='bbox 200 2055 291 2150; x_wconf 79' lang='grc' dir='ltr'><strong><em>πλὴν</em></strong></span> <span class='ocrx_word' id='word_1_111' title='bbox 315 2055 412 2128; x_wconf 86' lang='grc' dir='ltr'><strong><em>ἄλλαι</em></strong></span> <span class='ocrx_word' id='word_1_112' title='bbox 439 2077 593 2147; x_wconf 77' lang='grc' dir='ltr'><strong><em>γυναῖκες</em></strong></span> <span class='ocrx_word' id='word_1_113' title='bbox 616 2086 655 2128; x_wconf 89' lang='lat' dir='ltr'><strong>ex</strong></span> <span class='ocrx_word' id='word_1_114' title='bbox 678 2064 884 2129; x_wconf 73' lang='lat' dir='ltr'>adnotatione</span> <span class='ocrx_word' id='word_1_115' title='bbox 906 2063 1019 2128; x_wconf 88' lang='lat' dir='ltr'><strong>addita</strong></span> <span class='ocrx_word' id='word_1_116' title='bbox 1040 2062 1226 2140; x_wconf 79' lang='grc' dir='ltr'><strong><em>τουτέστιν,</em></strong></span> 
     </span>
     <span class='ocr_line' id='line_1_17' title="bbox 96 2160 1227 2256; baseline 0 -24"><span class='ocrx_word' id='word_1_117' title='bbox 96 2164 118 2227; x_wconf 72' lang='grc' dir='ltr'><strong>εἰ</strong></span> <span class='ocrx_word' id='word_1_118' title='bbox 137 2160 176 2254; x_wconf 79' lang='grc' dir='ltr'><strong>μὴ</strong></span> <span class='ocrx_word' id='word_1_119' title='bbox 199 2164 282 2254; x_wconf 81' lang='grc' dir='ltr'><strong><em>ἄλλη</em></strong></span> <span class='ocrx_word' id='word_1_120' title='bbox 304 2165 403 2256; x_wconf 80' lang='grc' dir='ltr'><strong><em>γυνή,</em></strong></span> <span class='ocrx_word' id='word_1_121' title='bbox 426 2171 595 2254; x_wconf 82' lang='lat' dir='ltr'><strong>genuinam</strong></span> <span class='ocrx_word' id='word_1_122' title='bbox 619 2192 713 2254; x_wconf 91' lang='lat' dir='ltr'><strong>quam</strong></span> <span class='ocrx_word' id='word_1_123' title='bbox 736 2171 878 2235; x_wconf 85' lang='lat' dir='ltr'><strong>seruauit</strong></span> <span class='ocrx_word' id='word_1_124' title='bbox 900 2171 1068 2234; x_wconf 55' lang='lat' dir='ltr'><strong>&amp;nonnas</strong></span> <span class='ocrx_word' id='word_1_125' title='bbox 1092 2171 1227 2252; x_wconf 89' lang='lat' dir='ltr'><strong>scriptu-</strong></span> 
     </span>
     <span class='ocr_line' id='line_1_18' title="bbox 97 2267 1228 2366; baseline 0.004 -31"><span class='ocrx_word' id='word_1_126' title='bbox 97 2292 152 2336; x_wconf 88' lang='lat' dir='ltr'><strong>ram</strong></span> <span class='ocrx_word' id='word_1_127' title='bbox 173 2267 261 2362; x_wconf 74' lang='grc' dir='ltr'><strong><em>πλὴν</em></strong></span> <span class='ocrx_word' id='word_1_128' title='bbox 282 2267 334 2360; x_wconf 81' lang='grc' dir='ltr'><strong>ἄρ’</strong></span> <span class='ocrx_word' id='word_1_129' title='bbox 354 2273 382 2339; x_wconf 83' lang='grc' dir='ltr'><strong>ελ</strong></span> <span class='ocrx_word' id='word_1_130' title='bbox 404 2287 559 2366; x_wconf 76' lang='grc' dir='ltr'><strong><em>γυναῖκες</em></strong></span> <span class='ocrx_word' id='word_1_131' title='bbox 578 2277 774 2360; x_wconf 84' lang='lat' dir='ltr'><strong>expulerunt.</strong></span> <span class='ocrx_word' id='word_1_132' title='bbox 810 2276 921 2358; x_wconf 85' lang='lat' dir='ltr'><strong>Neque</strong></span> <span class='ocrx_word' id='word_1_133' title='bbox 939 2283 1045 2340; x_wconf 89' lang='lat' dir='ltr'><strong>tamen</strong></span> <span class='ocrx_word' id='word_1_134' title='bbox 1063 2272 1228 2339; x_wconf 89' lang='lat' dir='ltr'><strong>Diadorfio</strong></span> 
     </span>
     <span class='ocr_line' id='line_1_19' title="bbox 96 2373 1228 2468; baseline 0.004 -27"><span class='ocrx_word' id='word_1_135' title='bbox 96 2379 255 2458; x_wconf 87' lang='lat' dir='ltr'><strong>adsentior,</strong></span> <span class='ocrx_word' id='word_1_136' title='bbox 287 2381 341 2464; x_wconf 92' lang='lat' dir='ltr'><strong>qui</strong></span> <span class='ocrx_word' id='word_1_137' title='bbox 369 2381 481 2446; x_wconf 90' lang='lat' dir='ltr'><strong>scholii</strong></span> <span class='ocrx_word' id='word_1_138' title='bbox 509 2381 615 2446; x_wconf 86' lang='lat' dir='ltr'><strong>uerbis</strong></span> <span class='ocrx_word' id='word_1_139' title='bbox 638 2381 667 2445; x_wconf 82' lang='lat' dir='ltr'><strong>al</strong></span> <span class='ocrx_word' id='word_1_140' title='bbox 693 2373 737 2468; x_wconf 81' lang='grc' dir='ltr'><strong>μὴ</strong></span> <span class='ocrx_word' id='word_1_141' title='bbox 765 2381 979 2447; x_wconf 83' lang='lat' dir='ltr'><strong>circumscribi</strong></span> <span class='ocrx_word' id='word_1_142' title='bbox 1008 2379 1228 2463; x_wconf 77' lang='lat' dir='ltr'><strong>Aristophanis</strong></span> 
     </span>
     <span class='ocr_line' id='line_1_20' title="bbox 96 2477 1227 2573; baseline 0.003 -26"><span class='ocrx_word' id='word_1_143' title='bbox 96 2477 170 2571; x_wconf 79' lang='grc' dir='ltr'><strong>πλὴν</strong></span> <span class='ocrx_word' id='word_1_144' title='bbox 188 2480 240 2572; x_wconf 75' lang='lat' dir='ltr'><strong>dp&#39;</strong></span> <span class='ocrx_word' id='word_1_145' title='bbox 259 2485 288 2550; x_wconf 79' lang='lat' dir='ltr'><strong>cl</strong></span> <span class='ocrx_word' id='word_1_146' title='bbox 312 2495 344 2552; x_wconf 88' lang='lat' dir='ltr'><strong>ct</strong></span> <span class='ocrx_word' id='word_1_147' title='bbox 368 2480 451 2572; x_wconf 79' lang='grc' dir='ltr'><strong><em>ἄλλη</em></strong></span> <span class='ocrx_word' id='word_1_148' title='bbox 473 2483 556 2573; x_wconf 83' lang='grc' dir='ltr'>γυνή</span> <span class='ocrx_word' id='word_1_149' title='bbox 581 2489 715 2570; x_wconf 85' lang='lat' dir='ltr'><strong>proximi</strong></span> <span class='ocrx_word' id='word_1_150' title='bbox 738 2509 850 2552; x_wconf 76' lang='lat' dir='ltr'><strong>uersus</strong></span> <span class='ocrx_word' id='word_1_151' title='bbox 873 2488 986 2551; x_wconf 83' lang='lat' dir='ltr'><strong>lemma</strong></span> <span class='ocrx_word' id='word_1_152' title='bbox 1009 2509 1076 2552; x_wconf 84' lang='lat' dir='ltr'><strong>casa</strong></span> <span class='ocrx_word' id='word_1_153' title='bbox 1099 2488 1227 2563; x_wconf 82' lang='lat' dir='ltr'><strong>statuit3</strong></span> 
     </span>
     <span class='ocr_line' id='line_1_21' title="bbox 97 2592 1228 2676; baseline 0.004 -25"><span class='ocrx_word' id='word_1_154' title='bbox 97 2592 160 2672; x_wconf 82' lang='lat' dir='ltr'><strong>quid</strong></span> <span class='ocrx_word' id='word_1_155' title='bbox 183 2595 266 2658; x_wconf 86' lang='lat' dir='ltr'><strong>arrim</strong></span> <span class='ocrx_word' id='word_1_156' title='bbox 290 2593 352 2658; x_wconf 89' lang='lat' dir='ltr'><strong>sibi</strong></span> <span class='ocrx_word' id='word_1_157' title='bbox 379 2594 458 2657; x_wconf 88' lang='lat' dir='ltr'><strong>uelit</strong></span> <span class='ocrx_word' id='word_1_158' title='bbox 486 2594 551 2658; x_wconf 87' lang='lat' dir='ltr'><strong>tale</strong></span> <span class='ocrx_word' id='word_1_159' title='bbox 574 2594 689 2658; x_wconf 88' lang='lat' dir='ltr'><strong>lemma</strong></span> <span class='ocrx_word' id='word_1_160' title='bbox 713 2598 745 2657; x_wconf 88' lang='lat' dir='ltr'><strong>et</strong></span> <span class='ocrx_word' id='word_1_161' title='bbox 767 2615 861 2674; x_wconf 87' lang='lat' dir='ltr'><strong>quam</strong></span> <span class='ocrx_word' id='word_1_162' title='bbox 885 2593 943 2658; x_wconf 88' lang='lat' dir='ltr'><strong>tali</strong></span> <span class='ocrx_word' id='word_1_163' title='bbox 966 2593 1104 2657; x_wconf 89' lang='lat' dir='ltr'><strong>lemmati</strong></span> <span class='ocrx_word' id='word_1_164' title='bbox 1129 2593 1228 2676; x_wconf 86' lang='lat' dir='ltr'><strong>expli·</strong></span> 
     </span>
     <span class='ocr_line' id='line_1_22' title="bbox 96 2698 1229 2775; baseline 0 -13"><span class='ocrx_word' id='word_1_165' title='bbox 96 2700 236 2766; x_wconf 80' lang='lat' dir='ltr'><strong>sationem</strong></span> <span class='ocrx_word' id='word_1_166' title='bbox 254 2723 275 2765; x_wconf 92' lang='lat' dir='ltr'><strong>a</strong></span> <span class='ocrx_word' id='word_1_167' title='bbox 293 2700 464 2766; x_wconf 79' lang='lat' dir='ltr'><strong>scholiasta</strong></span> <span class='ocrx_word' id='word_1_168' title='bbox 482 2701 625 2766; x_wconf 80' lang='lat' dir='ltr'><strong>additam</strong></span> <span class='ocrx_word' id='word_1_169' title='bbox 645 2722 713 2765; x_wconf 90' lang='lat' dir='ltr'><strong>esse</strong></span> <span class='ocrx_word' id='word_1_170' title='bbox 730 2699 809 2764; x_wconf 87' lang='lat' dir='ltr'><strong>uelit</strong></span> <span class='ocrx_word' id='word_1_171' title='bbox 828 2698 1019 2775; x_wconf 89' lang='lat' dir='ltr'><strong>Dindorfius,</strong></span> <span class='ocrx_word' id='word_1_172' title='bbox 1043 2721 1105 2764; x_wconf 90' lang='lat' dir='ltr'><strong>non</strong></span> <span class='ocrx_word' id='word_1_173' title='bbox 1126 2699 1229 2763; x_wconf 85' lang='lat' dir='ltr'><strong>uideo.</strong></span> 
     </span>
    </p>

    <p class='ocr_par' dir='ltr' id='par_1_6' title="bbox 172 2806 1204 2899">
     <span class='ocr_line' id='line_1_23' title="bbox 172 2806 1204 2899; baseline 0 -28"><span class='ocrx_word' id='word_1_174' title='bbox 172 2807 289 2872; x_wconf 86' lang='lat' dir='ltr'><strong>Versus</strong></span> <span class='ocrx_word' id='word_1_175' title='bbox 313 2807 379 2870; x_wconf 84' lang='lat'><strong>560</strong></span> <span class='ocrx_word' id='word_1_176' title='bbox 402 2807 591 2890; x_wconf 80' lang='lat' dir='ltr'><strong>scripturam</strong></span> <span class='ocrx_word' id='word_1_177' title='bbox 615 2806 732 2871; x_wconf 90' lang='lat' dir='ltr'><strong>Suidae</strong></span> <span class='ocrx_word' id='word_1_178' title='bbox 1199 2888 1204 2899; x_wconf 38' lang='grc' dir='ltr'>Ι</span> 
     </span>
    </p>

    <p class='ocr_par' dir='ltr' id='par_1_7' title="bbox 197 2904 1117 2998">
     <span class='ocr_line' id='line_1_24' title="bbox 281 2904 1117 2998; baseline -0.003 -21.274"><span class='ocrx_word' id='word_1_179' title='bbox 281 2905 396 2998; x_wconf 78' lang='grc' dir='ltr'><em>Ἑτέρα</em></span> <span class='ocrx_word' id='word_1_180' title='bbox 419 2904 481 2978; x_wconf 79' lang='grc' dir='ltr'><strong>τὸν</strong></span> <span class='ocrx_word' id='word_1_181' title='bbox 506 2905 612 2998; x_wconf 78' lang='grc' dir='ltr'><strong><em>ἄνδρα</em></strong></span> <span class='ocrx_word' id='word_1_182' title='bbox 636 2921 686 2998; x_wconf 78' lang='grc' dir='ltr'><strong>τῷ</strong></span> <span class='ocrx_word' id='word_1_183' title='bbox 709 2911 842 2977; x_wconf 78' lang='grc' dir='ltr'><strong><em>πελέκει</em></strong></span> <span class='ocrx_word' id='word_1_184' title='bbox 865 2907 1117 2996; x_wconf 69' lang='grc' dir='ltr'><strong>κατεσπόδησεν</strong></span> 
     </span>
    </p>

    <p class='ocr_par' dir='ltr' id='par_1_8' title="bbox 98 3021 455 3084">
     <span class='ocr_line' id='line_1_25' title="bbox 98 3021 455 3084; baseline 0.008 -3"><span class='ocrx_word' id='word_1_185' title='bbox 98 3029 194 3084; x_wconf 79' lang='lat' dir='ltr'><strong>matra</strong></span> <span class='ocrx_word' id='word_1_186' title='bbox 214 3021 263 3083; x_wconf 60' lang='grc' dir='ltr'><strong>ΙΨ</strong></span> <span class='ocrx_word' id='word_1_187' title='bbox 288 3021 455 3084; x_wconf 87' lang='lat' dir='ltr'><strong>lectionem</strong></span> 
     </span>
    </p>

    <p class='ocr_par' dir='ltr' id='par_1_9' title="bbox 96 3117 1295 3959">
     <span class='ocr_line' id='line_1_26' title="bbox 169 3117 1140 3212; baseline -0.003 -22"><span class='ocrx_word' id='word_1_188' title='bbox 169 3117 244 3190; x_wconf 75' lang='grc' dir='ltr'><strong>οὐδ’</strong></span> <span class='ocrx_word' id='word_1_189' title='bbox 268 3117 315 3201; x_wconf 82' lang='grc' dir='ltr'><strong>ὡς</strong></span> <span class='ocrx_word' id='word_1_190' title='bbox 337 3117 399 3189; x_wconf 76' lang='grc' dir='ltr'><strong>τὸν</strong></span> <span class='ocrx_word' id='word_1_191' title='bbox 424 3119 530 3211; x_wconf 78' lang='grc' dir='ltr'><em>ἄνδρα</em></span> <span class='ocrx_word' id='word_1_192' title='bbox 553 3133 602 3210; x_wconf 76' lang='grc' dir='ltr'><strong>τῷ</strong></span> <span class='ocrx_word' id='word_1_193' title='bbox 626 3123 760 3190; x_wconf 73' lang='grc' dir='ltr'><strong><em>πελέκει</em></strong></span> <span class='ocrx_word' id='word_1_194' title='bbox 783 3117 866 3212; x_wconf 80' lang='grc' dir='ltr'>γυνὴ</span> <span class='ocrx_word' id='word_1_195' title='bbox 890 3118 1140 3210; x_wconf 77' lang='grc' dir='ltr'><strong>κατεσπόδησεν</strong></span> 
     </span>
     <span class='ocr_line' id='line_1_27' title="bbox 96 3227 1231 3318; baseline -0.004 -24"><span class='ocrx_word' id='word_1_196' title='bbox 96 3229 217 3310; x_wconf 83' lang='lat' dir='ltr'><strong>probant</strong></span> <span class='ocrx_word' id='word_1_197' title='bbox 231 3232 389 3296; x_wconf 89' lang='lat' dir='ltr'><strong>Porscnus</strong></span> <span class='ocrx_word' id='word_1_198' title='bbox 398 3233 426 3317; x_wconf 77' lang='lat'><strong>³)</strong></span> <span class='ocrx_word' id='word_1_199' title='bbox 445 3239 478 3296; x_wconf 87' lang='lat' dir='ltr'><strong>et</strong></span> <span class='ocrx_word' id='word_1_200' title='bbox 492 3230 676 3296; x_wconf 90' lang='lat' dir='ltr'><strong>Dindorfius</strong></span> <span class='ocrx_word' id='word_1_201' title='bbox 684 3233 722 3318; x_wconf 85' lang='lat'><strong>⁴),</strong></span> <span class='ocrx_word' id='word_1_202' title='bbox 742 3255 812 3296; x_wconf 89' lang='lat' dir='ltr'><strong>cum</strong></span> <span class='ocrx_word' id='word_1_203' title='bbox 826 3232 990 3314; x_wconf 85' lang='lat' dir='ltr'><strong>anapaesti</strong></span> <span class='ocrx_word' id='word_1_204' title='bbox 1005 3231 1037 3293; x_wconf 92' lang='lat' dir='ltr'><strong>in</strong></span> <span class='ocrx_word' id='word_1_205' title='bbox 1053 3227 1231 3294; x_wconf 88' lang='lat' dir='ltr'><strong>tetrametri</strong></span> 
     </span>
     <span class='ocr_line' id='line_1_28' title="bbox 97 3335 1231 3422; baseline -0.001 -23"><span class='ocrx_word' id='word_1_206' title='bbox 97 3335 209 3400; x_wconf 87' lang='lat' dir='ltr'><strong>iambici</strong></span> <span class='ocrx_word' id='word_1_207' title='bbox 236 3335 413 3402; x_wconf 79' lang='lat' dir='ltr'><strong>catalectici</strong></span> <span class='ocrx_word' id='word_1_208' title='bbox 439 3338 520 3420; x_wconf 83' lang='lat' dir='ltr'><strong>pede</strong></span> <span class='ocrx_word' id='word_1_209' title='bbox 549 3343 662 3422; x_wconf 83' lang='lat' dir='ltr'><strong>quarto</strong></span> <span class='ocrx_word' id='word_1_210' title='bbox 690 3337 786 3421; x_wconf 91' lang='lat' dir='ltr'><strong>positi</strong></span> <span class='ocrx_word' id='word_1_211' title='bbox 814 3359 887 3402; x_wconf 85' lang='lat' dir='ltr'><strong>rara</strong></span> <span class='ocrx_word' id='word_1_212' title='bbox 918 3339 982 3400; x_wconf 90' lang='lat' dir='ltr'><strong>sint</strong></span> <span class='ocrx_word' id='word_1_213' title='bbox 1013 3337 1097 3418; x_wconf 90' lang='lat' dir='ltr'><strong>apud</strong></span> <span class='ocrx_word' id='word_1_214' title='bbox 1121 3341 1231 3419; x_wconf 86' lang='lat' dir='ltr'><strong>poetas</strong></span> 
     </span>
     <span class='ocr_line' id='line_1_29' title="bbox 98 3439 1228 3527; baseline 0.003 -25"><span class='ocrx_word' id='word_1_215' title='bbox 98 3439 205 3507; x_wconf 69' lang='lat' dir='ltr'><strong>Atticos</strong></span> <span class='ocrx_word' id='word_1_216' title='bbox 227 3443 379 3527; x_wconf 83' lang='lat' dir='ltr'><strong>exempla</strong></span> <span class='ocrx_word' id='word_1_217' title='bbox 426 3443 485 3508; x_wconf 85' lang='lat' dir='ltr'><strong>Cui</strong></span> <span class='ocrx_word' id='word_1_218' title='bbox 508 3444 649 3526; x_wconf 91' lang='lat' dir='ltr'><strong>opinioni</strong></span> <span class='ocrx_word' id='word_1_219' title='bbox 672 3451 827 3527; x_wconf 88' lang='lat' dir='ltr'><strong>repugnat</strong></span> <span class='ocrx_word' id='word_1_220' title='bbox 846 3442 1003 3524; x_wconf 85' lang='lat' dir='ltr'><strong>Reisigius</strong></span> <span class='ocrx_word' id='word_1_221' title='bbox 1024 3443 1057 3506; x_wconf 92' lang='lat' dir='ltr'><strong>in</strong></span> <span class='ocrx_word' id='word_1_222' title='bbox 1077 3441 1228 3506; x_wconf 86' lang='lat' dir='ltr'><strong>Coniectt.</strong></span> 
     </span>
     <span class='ocr_line' id='line_1_30' title="bbox 97 3544 1295 3641; baseline -0.003 -28"><span class='ocrx_word' id='word_1_223' title='bbox 97 3565 140 3628; x_wconf 83' lang='lat' dir='ltr'><strong>pg.</strong></span> <span class='ocrx_word' id='word_1_224' title='bbox 161 3549 213 3625; x_wconf 87' lang='grc'><strong>90,</strong></span> <span class='ocrx_word' id='word_1_225' title='bbox 240 3571 312 3614; x_wconf 86' lang='lat' dir='ltr'><strong>cum</strong></span> <span class='ocrx_word' id='word_1_226' title='bbox 340 3544 436 3634; x_wconf 74' lang='grc' dir='ltr'>ἑτέρα</span> <span class='ocrx_word' id='word_1_227' title='bbox 463 3551 638 3630; x_wconf 77' lang='lat' dir='ltr'><strong>separatim</strong></span> <span class='ocrx_word' id='word_1_228' title='bbox 661 3551 699 3614; x_wconf 81' lang='lat' dir='ltr'><strong>de</strong></span> <span class='ocrx_word' id='word_1_229' title='bbox 726 3571 793 3614; x_wconf 82' lang='lat' dir='ltr'><strong>aaa</strong></span> <span class='ocrx_word' id='word_1_230' title='bbox 815 3570 880 3641; x_wconf 78' lang='lat' dir='ltr'><strong>aaa</strong></span> <span class='ocrx_word' id='word_1_231' title='bbox 903 3550 1031 3614; x_wconf 79' lang='lat' dir='ltr'><strong>dicatur</strong></span> <span class='ocrx_word' id='word_1_232' title='bbox 1053 3567 1109 3611; x_wconf 77' lang='lat' dir='ltr'><strong>aec</strong></span> <span class='ocrx_word' id='word_1_233' title='bbox 1126 3548 1231 3627; x_wconf 79' lang='lat' dir='ltr'><strong>possit</strong></span> <span class='ocrx_word' id='word_1_234' title='bbox 1294 3597 1295 3602; x_wconf 31' lang='lat'>1</span> 
     </span>
     <span class='ocr_line' id='line_1_31' title="bbox 97 3653 1230 3738; baseline 0.001 -23"><span class='ocrx_word' id='word_1_235' title='bbox 97 3653 152 3715; x_wconf 79' lang='lat' dir='ltr'><strong>risi</strong></span> <span class='ocrx_word' id='word_1_236' title='bbox 173 3676 238 3720; x_wconf 83' lang='lat' dir='ltr'><strong>eam</strong></span> <span class='ocrx_word' id='word_1_237' title='bbox 263 3656 408 3738; x_wconf 81' lang='lat' dir='ltr'><strong>quadam</strong></span> <span class='ocrx_word' id='word_1_238' title='bbox 431 3657 627 3736; x_wconf 78' lang='lat' dir='ltr'><strong>oppositione</strong></span> <span class='ocrx_word' id='word_1_239' title='bbox 647 3657 738 3737; x_wconf 78' lang='lat' dir='ltr'><strong>poni.</strong></span> <span class='ocrx_word' id='word_1_240' title='bbox 789 3657 831 3719; x_wconf 86' lang='lat' dir='ltr'><strong>At</strong></span> <span class='ocrx_word' id='word_1_241' title='bbox 860 3656 919 3719; x_wconf 90' lang='lat' dir='ltr'><strong>hoc</strong></span> <span class='ocrx_word' id='word_1_242' title='bbox 942 3661 1027 3719; x_wconf 87' lang='lat' dir='ltr'><strong>certo</strong></span> <span class='ocrx_word' id='word_1_243' title='bbox 1051 3675 1109 3718; x_wconf 89' lang='lat' dir='ltr'><strong>nec</strong></span> <span class='ocrx_word' id='word_1_244' title='bbox 1133 3654 1230 3718; x_wconf 86' lang='lat' dir='ltr'><strong>inusi-</strong></span> 
     </span>
     <span class='ocr_line' id='line_1_32' title="bbox 97 3759 1234 3846; baseline 0.001 -24"><span class='ocrx_word' id='word_1_245' title='bbox 97 3764 187 3825; x_wconf 83' lang='lat' dir='ltr'><strong>tatum</strong></span> <span class='ocrx_word' id='word_1_246' title='bbox 208 3783 266 3827; x_wconf 83' lang='lat' dir='ltr'><strong>nec</strong></span> <span class='ocrx_word' id='word_1_247' title='bbox 288 3761 460 3827; x_wconf 90' lang='lat' dir='ltr'><strong>absurdum</strong></span> <span class='ocrx_word' id='word_1_248' title='bbox 484 3769 544 3840; x_wconf 87' lang='lat' dir='ltr'><strong>cst,</strong></span> <span class='ocrx_word' id='word_1_249' title='bbox 571 3768 608 3827; x_wconf 92' lang='lat' dir='ltr'><strong>ut</strong></span> <span class='ocrx_word' id='word_1_250' title='bbox 630 3770 797 3846; x_wconf 91' lang='lat' dir='ltr'><strong>postquam</strong></span> <span class='ocrx_word' id='word_1_251' title='bbox 820 3763 1041 3826; x_wconf 86' lang='lat' dir='ltr'><strong>uniuersarum</strong></span> <span class='ocrx_word' id='word_1_252' title='bbox 1064 3759 1234 3824; x_wconf 90' lang='lat' dir='ltr'><strong>mulierum</strong></span> 
     </span>
     <span class='ocr_line' id='line_1_33' title="bbox 97 3861 1244 3959; baseline -0.001 -30"><span class='ocrx_word' id='word_1_253' title='bbox 97 3861 224 3955; x_wconf 74' lang='lat' dir='ltr'><strong>facinora</strong></span> <span class='ocrx_word' id='word_1_254' title='bbox 241 3869 394 3952; x_wconf 87' lang='lat' dir='ltr'><strong>exemplis</strong></span> <span class='ocrx_word' id='word_1_255' title='bbox 413 3868 600 3952; x_wconf 89' lang='lat' dir='ltr'><strong>quibusdam</strong></span> <span class='ocrx_word' id='word_1_256' title='bbox 619 3869 792 3959; x_wconf 89' lang='lat' dir='ltr'><strong>illustrauit</strong></span> <span class='ocrx_word' id='word_1_257' title='bbox 814 3875 917 3952; x_wconf 88' lang='lat' dir='ltr'><strong>poeta,</strong></span> <span class='ocrx_word' id='word_1_258' title='bbox 939 3873 1053 3951; x_wconf 84' lang='lat' dir='ltr'><strong>pergat</strong></span> <span class='ocrx_word' id='word_1_259' title='bbox 1089 3861 1184 3947; x_wconf 70' lang='grc' dir='ltr'>ἑτέρα</span> <span class='ocrx_word' id='word_1_260' title='bbox 1203 3901 1244 3912; x_wconf 93' lang='grc'>-</span> 
     </span>
    </p>
   </div>
   <div class='ocr_carea' id='block_1_3' title="bbox 114 4057 1247 4555">
    <p class='ocr_par' dir='ltr' id='par_1_10' title="bbox 114 4057 1247 4555">
     <span class='ocr_line' id='line_1_34' title="bbox 160 4057 1069 4132; baseline -0.001 -17"><span class='ocrx_word' id='word_1_261' title='bbox 160 4063 178 4127; x_wconf 89' lang='lat'><strong>¹)</strong></span> <span class='ocrx_word' id='word_1_262' title='bbox 196 4063 278 4116; x_wconf 81' lang='lat' dir='ltr'><strong>etiam</strong></span> <span class='ocrx_word' id='word_1_263' title='bbox 298 4063 326 4116; x_wconf 91' lang='lat' dir='ltr'><strong>in</strong></span> <span class='ocrx_word' id='word_1_264' title='bbox 346 4063 384 4117; x_wconf 74' lang='lat' dir='ltr'><strong>Re</strong></span> <span class='ocrx_word' id='word_1_265' title='bbox 402 4061 493 4132; x_wconf 84' lang='lat' dir='ltr'><strong>prima</strong></span> <span class='ocrx_word' id='word_1_266' title='bbox 511 4079 592 4117; x_wconf 84' lang='lat' dir='ltr'><strong>manu</strong></span> <span class='ocrx_word' id='word_1_267' title='bbox 612 4057 770 4131; x_wconf 73' lang='grc' dir='ltr'><strong>ληκώμεθα</strong></span> <span class='ocrx_word' id='word_1_268' title='bbox 789 4067 931 4116; x_wconf 82' lang='lat' dir='ltr'><strong>exaratum</strong></span> <span class='ocrx_word' id='word_1_269' title='bbox 952 4060 1069 4114; x_wconf 88' lang='lat' dir='ltr'><strong>uidetur.</strong></span> 
     </span>
     <span class='ocr_line' id='line_1_35' title="bbox 158 4150 510 4221; baseline -0.006 -15"><span class='ocrx_word' id='word_1_270' title='bbox 158 4150 178 4216; x_wconf 62' lang='lat' dir='ltr'><strong>r)</strong></span> <span class='ocrx_word' id='word_1_271' title='bbox 196 4151 232 4206; x_wconf 77' lang='lat' dir='ltr'><strong>ad</strong></span> <span class='ocrx_word' id='word_1_272' title='bbox 250 4151 403 4206; x_wconf 82' lang='lat' dir='ltr'><strong>Moeridem</strong></span> <span class='ocrx_word' id='word_1_273' title='bbox 422 4169 466 4221; x_wconf 88' lang='lat' dir='ltr'><strong>pg.</strong></span> <span class='ocrx_word' id='word_1_274' title='bbox 486 4155 510 4206; x_wconf 81' lang='lat'><strong>6.</strong></span> 
     </span>
     <span class='ocr_line' id='line_1_36' title="bbox 159 4235 1247 4310; baseline -0.004 -17"><span class='ocrx_word' id='word_1_275' title='bbox 159 4239 225 4304; x_wconf 74' lang='lat' dir='ltr'><strong>&#39;tin</strong></span> <span class='ocrx_word' id='word_1_276' title='bbox 244 4239 371 4310; x_wconf 73' lang='lat' dir='ltr'><strong>append.</strong></span> <span class='ocrx_word' id='word_1_277' title='bbox 391 4239 426 4294; x_wconf 84' lang='lat' dir='ltr'><strong>ad</strong></span> <span class='ocrx_word' id='word_1_278' title='bbox 446 4239 582 4310; x_wconf 88' lang='lat' dir='ltr'><strong>Toupium</strong></span> <span class='ocrx_word' id='word_1_279' title='bbox 606 4257 650 4310; x_wconf 88' lang='lat' dir='ltr'><strong>pg.</strong></span> <span class='ocrx_word' id='word_1_280' title='bbox 670 4241 722 4294; x_wconf 82' lang='lat'><strong>453</strong></span> <span class='ocrx_word' id='word_1_281' title='bbox 742 4247 771 4294; x_wconf 86' lang='lat' dir='ltr'><strong>et</strong></span> <span class='ocrx_word' id='word_1_282' title='bbox 789 4239 817 4293; x_wconf 93' lang='lat' dir='ltr'><strong>in</strong></span> <span class='ocrx_word' id='word_1_283' title='bbox 836 4239 892 4308; x_wconf 93' lang='lat' dir='ltr'><strong>Sup</strong></span> <span class='ocrx_word' id='word_1_284' title='bbox 906 4238 1052 4308; x_wconf 83' lang='lat' dir='ltr'><strong>plemento</strong></span> <span class='ocrx_word' id='word_1_285' title='bbox 1071 4237 1105 4290; x_wconf 87' lang='lat' dir='ltr'><strong>ad</strong></span> <span class='ocrx_word' id='word_1_286' title='bbox 1125 4235 1247 4289; x_wconf 81' lang='lat' dir='ltr'><strong>Praefst.</strong></span> 
     </span>
     <span class='ocr_line' id='line_1_37' title="bbox 114 4323 365 4398; baseline 0.024 -22"><span class='ocrx_word' id='word_1_287' title='bbox 114 4323 210 4380; x_wconf 77' lang='lat' dir='ltr'><strong>Hecnb.</strong></span> <span class='ocrx_word' id='word_1_288' title='bbox 230 4347 273 4398; x_wconf 84' lang='lat' dir='ltr'><strong>pg.</strong></span> <span class='ocrx_word' id='word_1_289' title='bbox 293 4329 365 4382; x_wconf 87' lang='lat' dir='ltr'>XLI.</span> 
     </span>
     <span class='ocr_line' id='line_1_38' title="bbox 176 4417 492 4481; baseline -0.006 -11"><span class='ocrx_word' id='word_1_290' title='bbox 176 4418 197 4481; x_wconf 78' lang='lat' dir='ltr'><strong>‘l</strong></span> <span class='ocrx_word' id='word_1_291' title='bbox 216 4417 242 4470; x_wconf 87' lang='lat' dir='ltr'><strong>in</strong></span> <span class='ocrx_word' id='word_1_292' title='bbox 262 4417 355 4472; x_wconf 86' lang='lat' dir='ltr'><strong>adnot.</strong></span> <span class='ocrx_word' id='word_1_293' title='bbox 374 4417 455 4470; x_wconf 81' lang='lat' dir='ltr'><strong>adh.</strong></span> <span class='ocrx_word' id='word_1_294' title='bbox 474 4419 492 4469; x_wconf 93' lang='lat' dir='ltr'><strong>l.</strong></span> 
     </span>
     <span class='ocr_line' id='line_1_39' title="bbox 999 4503 1016 4555; baseline 0 0"><span class='ocrx_word' id='word_1_295' title='bbox 999 4503 1016 4555; x_wconf 83' lang='lat'>4</span> 
     </span>
    </p>
   </div>
   <div class='ocr_carea' id='block_1_4' title="bbox 0 0 1512 4896">
    <p class='ocr_par' dir='ltr' id='par_1_11' title="bbox 0 0 1512 4896">
     <span class='ocr_line' id='line_1_40' title="bbox 0 0 1512 4896; baseline 0 0"><span class='ocrx_word' id='word_1_296' title='bbox 0 0 1512 4896; x_wconf 95' lang='lat' dir='ltr'><strong> </strong></span> 
     </span>
    </p>
   </div>
  </div>
 </body>
</html>
