3034 4896
731 302 947 362 ..40-

369 483 409 563 V„
435 485 497 548 946
599 484 756 550 monibus
778 509 794 550 c
815 487 937 571 mcan'a
958 489 1155 552 decursus
1176 486 1324 572 aquai)

354 585 409 666 VI,
437 588 499 652 608
517 586 677 671 principio
699 610 785 654 mare
806 589 964 654 mirantur
985 613 1046 656 aon
1068 591 1199 656 reddere
1220 591 1319 656 maias

523 697 682 768 actarum,
708 713 768 776 qao
783 693 826 756 eit
841 701 947 758 tantm
969 695 1165 758 decursas
1186 715 1392 780 aquaram,

524 792 629 858 omnic
651 817 710 880 qao
734 795 862 860 veniant
883 818 922 862 aa
944 795 1180 882 omaiflame'cc
1196 805 1301 880 porte.

525 897 606 960 adde
628 917 723 982 oaqos
744 897 855 964 msto
878 906 1137 984 imponentesque
1159 899 1309 964 colantes.

266 1000 327 1068 Hic
349 1001 512 1066 deterrerem
535 1022 700 1084 aquaram,
725 1019 796 1068 cnm
820 1001 925 1070 tontes
948 1022 1011 1069 non
1033 1003 1140 1068 miuus
1160 1022 1257 1085 quam
1272 1001 1396 1068 flumina

264 1123 305 1170 ac
327 1123 415 1168 mare
438 1110 557 1187 augeat
577 1105 660 1185 [261.
681 1107 725 1186 2),
745 1103 826 1170 nihil
842 1104 1025 1188 significare
1040 1105 1103 1172 nisi
1118 1106 1269 1172 imbrem:
1294 1113 1396 1172 contra

264 1207 298 1271 in
321 1213 411 1273 sexto
433 1206 515 1273 libro
538 1206 639 1271 solam
662 1225 734 1272 cam
757 1207 990 1288 accessionem,
1018 1227 1100 1290 quas
1127 1209 1208 1276 mari
1235 1229 1276 1276 cx
1298 1209 1398 1274 flumi-

265 1309 360 1375 nibus
382 1307 511 1387 affluat,
542 1308 723 1393 intelleget,
761 1310 953 1394 quicumque
984 1311 1165 1378 accuratius
1195 1331 1267 1378 eum
1298 1313 1398 1378 locum

264 1412 462 1496 adspexerit.
517 1411 664 1496 Denique
697 1412 822 1480 aceedit
851 1420 1092 1497 argumentum,
1124 1434 1188 1497 quo
1222 1416 1290 1482 solo
1321 1412 1398 1479 illud

264 1514 394 1598 quidem
417 1514 603 1597 ostenditur,
630 1517 689 1581 261
704 1519 793 1580 -72
816 1516 844 1582 si
867 1537 887 1582 a
909 1523 1007 1601 poeta
1028 1517 1140 1601 scripti
1163 1517 1245 1598 sint,
1277 1538 1340 1583 non
1361 1537 1397 1582 eo

264 1639 327 1702 quo
350 1619 484 1685 decebat
506 1619 575 1686 loco
597 1619 732 1685 traditos
755 1637 839 1686 esse.
887 1619 1043 1704 Diligenti
1070 1620 1157 1690 euim
1179 1620 1398 1704 disquisitione

265 1721 533 1805 Stucrcuburgius
564 1722 657 1804 (nen
678 1741 743 1788 soc.
769 1722 859 1808 lips.
891 1721 938 1804 11,
966 1725 1139 1804 sss-83)
1173 1722 1400 1790 demonstrarit

264 1824 434 1890 formulam
458 1825 543 1910 qaod
561 1833 703 1908 caperest
723 1825 903 1892 adhibitam
926 1845 988 1892 non
1019 1844 1093 1894 esse
1119 1845 1140 1892 a
1162 1825 1311 1892 Lucretio
1340 1825 1399 1890 nisi

264 1929 320 2008 ita,
347 1934 382 1994 ut
397 1926 440 1996 ad
458 1927 553 1994 inem
567 1928 857 2012 argumentationis
872 1928 925 1996 vel
940 1927 1191 1996 enumerationis
1206 1928 1396 2011 taminati.

264 2031 382 2098 Nostro
404 2050 481 2098 vero
502 2031 574 2098 loco
596 2051 668 2098 cum
691 2032 843 2116 probetur
865 2038 1015 2115 quattuor
1037 2033 1198 2100 elementa
1211 2039 1398 2116 consumpta

265 2134 406 2219 regigni,
432 2133 538 2200 verbis
562 2136 646 2218 qood
664 2142 806 2218 superest
835 2133 878 2202 ad
907 2133 1027 2201 umoris
1050 2135 1272 2202 tractationem
1295 2143 1397 2202 trans·

262 2239 342 2304 itur:
368 2257 444 2322 crgo
460 2236 543 2304 hanc
558 2243 693 2322 partem,
712 2238 741 2302 si
756 2259 777 2304 a
792 2245 889 2322 poeta
903 2237 1039 2304 oriunda
1053 2245 1150 2320 esset,
1173 2245 1314 2305 extremo
1330 2240 1397 2304 loco

263 2341 401 2427 positam
417 2340 517 2406 luisse
540 2357 672 2406 necesse
695 2345 754 2420 est,
781 2339 827 2406 ita
849 2347 885 2406 ut
906 2347 980 2424 post
998 2343 1060 2406 305
1078 2341 1267 2408 collocanda
1288 2340 1339 2422 sit,
1364 2339 1397 2406 id
1493 2390 1494 2407 i

262 2443 349 2527 quod
364 2443 511 2528 proponit
526 2443 807 2527 Stusrenburgius‚
833 2443 861 2508 si
884 2443 977 2511 modo
995 2443 1094 2510 verba
1109 2443 1178 2509 cius
1193 2451 1278 2510 recte
1293 2443 1392 2527 capio,

262 2568 335 2614 eum
350 2545 463 2612 editori
479 2545 596 2612 falsam
612 2547 853 2614 collocationem
869 2548 983 2631 culpae
994 2553 1108 2614 vertat.
1142 2547 1183 2612 Et
1197 2547 1253 2614 ille
1269 2547 1395 2630 quidem

262 2658 347 2718 recte
370 2650 450 2732 agit.
496 2648 619 2728 Quodsi
641 2668 697 2717 eos
719 2669 833 2716 versus
856 2649 930 2716 aliis
953 2669 1078 2734 qnoque
1108 2651 1203 2716 rebus
1232 2657 1394 2736 suspectos

263 2773 336 2821 esse
358 2752 583 2833 demonstravi,
610 2760 643 2820 et
665 2760 834 2837 praetcrea
856 2771 969 2820 versus
992 2755 1142 2819 ets-80
1163 2774 1280 2838 graves
1294 2755 1395 2820 offen-

261 2859 370 2925 siones
392 2856 548 2938 excitant,
580 2876 663 2939 qnae
689 2875 793 2939 neque
815 2856 1052 2940 transponendo
1073 2877 1178 2940 neque
1200 2856 1395 2941 seiungendc

261 2983 283 3028 a
308 2960 458 3027 carminis
487 2959 695 3026 continuitate
724 2962 895 3042 tollantur,
928 2959 1056 3026 sortiere
1090 2959 1133 3026 ad
1161 2966 1283 3026 textum
1314 2968 1395 3026 recto

261 3063 519 3132 constituendum
542 3063 683 3129 remedio
707 3063 859 3128 utendum
882 3063 952 3129 erit.

347 3168 431 3234 Nam
454 3166 539 3234 aeris
555 3166 703 3233 manatio
718 3166 886 3233 incohatur
901 3164 1066 3250 particulis
1085 3187 1167 3230 accc
1182 3166 1291 3250 iqitur,
1316 3185 1393 3250 quae

260 3271 314 3338 hie
335 3271 396 3339 soli
421 3269 635 3337 coniunctioni
657 3268 845 3336 inserviunt.
894 3269 1016 3336 Ceteris
1046 3276 1153 3337 autem
1175 3269 1256 3336 locis
1278 3271 1393 3336 Lucra-

260 3374 359 3442 tianis
380 3395 462 3440 canc
483 3373 583 3457 iqitur
603 3371 720 3438 locutio
748 3371 885 3438 eundem
907 3372 1067 3439 notionem
1089 3371 1201 3450 habet,
1227 3393 1323 3456 quam
1345 3381 1392 3438 ct-

261 3479 334 3564 qui3
360 3477 487 3562 ponitur
509 3476 607 3559 igitur
629 3475 662 3541 in
685 3475 905 3560 assumptione
928 3475 1126 3560 syllogismi:

305 3581 360 3662 lv,
387 3583 450 3646 230
467 3587 636 3662 posterea
658 3578 805 3663 quoniam
827 3577 969 3642 monibus
993 3579 1253 3663 traetctcflqurc

473 3682 508 3745 ais
524 3679 658 3746 causta
673 3681 828 3765 quaedam
843 3681 1038 3765 coyaosoitur
1053 3701 1119 3745 esre
1134 3682 1242 3744 eaden
1264 3703 1344 3764 quoe
1379 3757 1383 3764 1

331 3873 347 3934 ¹)
369 3867 522 3924 Vahleuius
543 3866 720 3934 (Monatsbar.
741 3868 770 3921 d.
784 3867 859 3924 Berl.
873 3866 962 3922 Acad.
983 3866 1056 3938 Aug.
1074 3869 1148 3932 1877)
1169 3883 1231 3923 cum
1251 3869 1391 3939 impugna-

260 3959 304 4013 vit
327 3957 404 4012 nuilo
428 3962 593 4025 argumento
612 3955 716 4011 adlato.
755 3955 825 4010 Nam
851 3957 924 4025 quod
950 3955 1021 4010 dixit
1044 3971 1099 4010 non
1118 3955 1211 4010 omnia
1229 3972 1246 4009 a
1264 3953 1391 4011 Stueren·

259 4043 359 4113 burgio
377 4043 493 4098 collecta
512 4057 573 4097 erse
591 4043 727 4111 exempla,
746 4042 796 4095 vix
811 4042 959 4111 quiequam
977 4043 1062 4097 valet.
1096 4039 1175 4097 Unus
1191 4057 1258 4096 sane
1270 4042 1347 4096 locus
1359 4038 1390 4092 ab

258 4147 293 4186 eo
305 4131 518 4199 praetermissus
529 4136 588 4185 est:
609 4128 658 4192 1v,
674 4129 732 4192 768,
753 4130 800 4198 qni
819 4137 912 4184 tamen
931 4127 970 4193 id,
991 4129 1065 4198 quod
1084 4129 1131 4183 ills
1147 4129 1182 4184 de
1195 4127 1314 4183 formula
1325 4124 1391 4198 quod

257 4223 377 4286 superest
394 4215 596 4286 pronuntiavit,
616 4213 770 4270 confirmat.
