2998 4896
332 755 529 839 Comparatis
553 756 651 838 igitur
674 755 801 820 scholiis
825 754 973 820 Suidanis
996 778 1067 820 cum
1088 763 1224 840 utroquo
1247 760 1397 824 codicum

244 884 357 947 genere
381 861 552 948 (It-Vc)
585 869 618 927 ot
650 862 781 946 prolatis
813 862 949 946 propriis
982 862 1098 928 Suidas
1129 865 1398 930 adnotationibus

243 971 303 1036 hoc
321 970 523 1038 statuendum
542 977 603 1034 est:
627 970 820 1034 secernenda
838 991 905 1035 esse
923 969 1044 1036 scholia
1062 970 1203 1036 Suidana
1225 993 1264 1036 ex
1281 974 1397 1039 codice

243 1077 349 1160 aliquo
364 1077 409 1142 XI
428 1076 607 1141 fabularum
622 1076 925 1159 Aristophanearum
945 1077 1103 1161 descripta
1121 1078 1162 1142 ab
1182 1085 1314 1163 utroque
1338 1081 1397 1146 illo

243 1186 385 1251 codicum
411 1205 525 1268 genere
553 1189 585 1248 ct
613 1183 846 1266 singularem
873 1192 1111 1267 repraesentare
1136 1186 1280 1262 classem,
1307 1210 1398 1271 quse

243 1294 303 1357 etsi
328 1292 516 1356 aduenticiis
539 1296 571 1355 et
594 1289 822 1356 recentioribus
845 1291 1103 1356 adnotationibus
1126 1293 1271 1359 similiter
1292 1303 1398 1378 atrpue

243 1399 365 1464 codices
395 1398 453 1462 Va
475 1403 568 1463 ancta
595 1404 628 1463 et
654 1398 820 1480 inquinata
847 1403 913 1475 est,‘
935 1403 1042 1464 tamen
1070 1400 1283 1483 compluribus
1311 1401 1397 1468 locis

243 1506 446 1588 integriorem
478 1505 588 1571 scholii
617 1505 750 1570 formam
778 1527 848 1570 cum
875 1505 1073 1584 Rauennate,
1106 1507 1191 1571 hand
1218 1528 1291 1572 raro
1320 1511 1398 1574 sola

242 1613 427 1690 serueuerit‚
450 1612 585 1697 ideoque
608 1613 719 1696 dignas
743 1633 810 1678 csse
833 1611 950 1678 Suidas
973 1613 1194 1680 adnotationes
1215 1651 1258 1662 —
1282 1637 1395 1680 emen-

243 1719 326 1785 datis
358 1720 477 1785 scilicet
505 1726 537 1785 et
565 1719 663 1804 ipsius
691 1726 723 1784 et
751 1718 952 1785 librariorum
979 1721 1139 1786 erroribus
1168 1760 1209 1770 —
1238 1743 1319 1806 qnae
1349 1726 1395 1788 ad

242 1828 491 1910 componenddm
512 1827 565 1891 uel
588 1827 628 1890 ad
652 1827 890 1910 perpoliendum
913 1849 1026 1911 corpus
1050 1828 1239 1906 scholiorum
1262 1830 1295 1892 in
1315 1830 1395 1894 Ari-

242 1934 407 2017 stophanis
434 1933 610 2000 comoedias
633 1931 895 2017 conscriptorumss
918 1936 1012 2018 qualo
1035 1936 1162 2019 parauit
1189 1934 1225 2000 G.
1250 1936 1395 2002 Dindor-

243 2041 309 2119 fius‚
332 2043 456 2107 ratione
479 2047 511 2106 et
533 2041 662 2107 consilio
685 2040 915 2132 adhibeantur„

708 2223 865 2230 ----—.-.-
883 2223 918 2229 ..-

329 2327 416 2393 Haec
452 2326 549 2392 habui
582 2328 615 2390 in
647 2327 815 2409 Equitibus
848 2326 1178 2410 Thesmophoriaznsis
1210 2330 1394 2414 Lysistrata

240 2433 430 2518 scholiisque
453 2435 486 2498 in
510 2456 562 2500 cas
581 2435 765 2518 conscriptis
784 2455 864 2517 quae
883 2433 1057 2519 proferrem
1075 2437 1116 2500 ad
1134 2437 1392 2503 adumbrandam

243 2541 462 2625 Aristophanis
484 2541 653 2624 imaginem
675 2542 707 2604 in
727 2541 842 2606 Suidas
861 2541 960 2607 lexico
979 2563 1167 2626 expressam.
1204 2544 1251 2609 De
1270 2544 1391 2611 codicis

240 2653 346 2714 autem
366 2649 587 2732 Aristophanei
611 2669 704 2732 quem
723 2648 836 2714 Suidas
859 2649 1006 2714 adhibuit
1029 2651 1218 2716 auctoritate
1237 2652 1284 2716 ite
1301 2653 1390 2716 indi·
1496 2695 1497 2750 p

240 2755 392 2832 ciebimus,
421 2760 544 2819 utnon
567 2756 695 2820 nimiam
719 2756 792 2821 huic
814 2755 914 2821 codici
937 2758 1159 2823 auctoritatem
1183 2757 1389 2823 tribuendam

240 2884 307 2928 esse
331 2883 520 2928 censeamus
564 2861 644 2927 Nam
667 2868 699 2927 et
723 2863 980 2928 adnotationibus
1003 2865 1231 2931 recentioribus
1253 2865 1387 2930 nullius-
1496 2847 1497 2900 l

239 2991 301 3054 que
323 2969 418 3054 pretii
442 2971 551 3036 eodem
574 2970 639 3035 lere
662 2971 755 3035 modo
778 2975 873 3053 atque
896 2971 1018 3036 codices
1043 2971 1102 3036 Ve
1127 2975 1296 3037 instructus
1314 2979 1388 3038 erat
1496 3037 1497 3040 ,

240 3083 271 3142 01
293 3077 334 3141 ad
364 3077 616 3142 constituendum
644 3076 822 3143 fabularum
850 3083 1031 3144 contextum
1058 3080 1092 3144 in
1121 3077 1386 3162 Thesmophoria—

239 3185 322 3248 zusis
339 3184 467 3266 quidem
484 3194 595 3249 contra
608 3206 705 3249 unum
719 3185 780 3249 R⁰¹³¹
796 3186 961 3268 permultis
975 3186 1051 3250 locis
1065 3187 1234 3268 genuinam
1248 3186 1385 3270 scriptu-

240 3309 307 3354 ram
330 3291 476 3367 retinnit‚
503 3292 730 3374 propemodum
756 3291 836 3355 nihil
858 3291 951 3357 affert
974 3293 1006 3356 in
1031 3291 1220 3376 Lysistrata‚
1248 3293 1386 3376 donique

239 3397 272 3460 in
290 3396 459 3479 Equitibus
481 3397 640 3481 integram
660 3403 773 3482 poetae
797 3401 906 3465 comici
930 3400 1096 3466 lectionem
1115 3401 1296 3483 saepissime
1313 3421 1385 3464 cum

238 3503 339 3594 altero
371 3511 443 3568 utro
476 3525 515 3568 ex
547 3507 688 3573 codicum
715 3505 885 3589 generibus
913 3507 1207 3573 R-V-P-Area
1234 3509 1385 3584 seruauit,

238 3610 345 3693 paucis
368 3611 445 3676 locis
468 3618 501 3676 et
523 3613 608 3678 inter
631 3634 684 3677 eos
707 3634 771 3678 000
794 3615 950 3697 grauioris
973 3615 1123 3679 momenti
1147 3615 1161 3702 (
1182 3665 1189 3678 .
1208 3614 1288 3700 517)
1312 3637 1385 3679 cum

239 3718 305 3782 solo
333 3718 438 3784 codice
463 3722 502 3783 M
521 3719 773 3806 (ambrosiano),
801 3723 889 3786 cuius
917 3721 1123 3806 archetypum
1150 3723 1234 3788 inter
1262 3721 1385 3788 codices

239 3824 486 3910 Aristophaneos
500 3827 693 3911 singularem
707 3829 807 3894 locum
823 3829 997 3896 obtinuisse
1008 3830 1144 3914 probare
1154 3831 1259 3895 conati
1269 3849 1384 3905 sumus,

238 3933 454 4017 incorruptum
475 3935 718 4019 Aristophanem
737 3943 962 4021 repraesentat,
981 3958 1053 4002 raro
1072 3938 1207 4019 deniqne
1226 3937 1310 4002 solus
1327 3958 1385 4000 an-

238 4061 305 4104 sam
328 4041 460 4124 praebet
483 4043 697 4107 restituendae
721 4065 814 4110 00000
837 4045 988 4110 lectionis.
1034 4045 1070 4109 ln
1095 4045 1201 4109 codice
1220 4047 1385 4110 Mentem

238 4148 434 4214 aestimando
457 4151 689 4215 concedendum
712 4153 841 4235 quidem
864 4159 920 4231 est,
943 4153 1027 4219 hunc
1048 4153 1164 4217 librum
1187 4159 1297 4236 utpote
1315 4171 1385 4216 sae·

238 4255 307 4319 culo
330 4255 443 4321 XIlIl⁰
471 4264 634 4323 exaratum
662 4281 724 4324 non
748 4281 856 4326 carere
878 4262 917 4327 iis
940 4263 1042 4340 uitiis,
1070 4263 1183 4346 quibus
1205 4264 1309 4329 solent
1331 4285 1384 4328 co-

238 4360 322 4427 dices
350 4365 540 4430 recentiores
567 4372 702 4443 scatere‚
729 4373 869 4434 attamen
896 4371 1024 4437 uidetur
1052 4372 1150 4436 codex
1173 4373 1214 4436 M
1231 4393 1270 4435 cx
1296 4370 1385 4436 haud
