<?xml version="1.0" encoding="UTF-8"?>
<!DOCTYPE html PUBLIC "-//W3C//DTD XHTML 1.0 Transitional//EN"
    "http://www.w3.org/TR/xhtml1/DTD/xhtml1-transitional.dtd">
<html xmlns="http://www.w3.org/1999/xhtml" xml:lang="en" lang="en">
 <head>
  <title>
</title>
<meta http-equiv="Content-Type" content="text/html;charset=utf-8" />
  <meta name='ocr-system' content='tesseract 3.04.00' />
  <meta name='ocr-capabilities' content='ocr_page ocr_carea ocr_par ocr_line ocrx_word'/>
</head>
<body>
  <div class='ocr_page' id='page_1' title='image "./dissertationesp02unkngoog/dissertationesp02unkngoog_0740.png"; bbox 0 0 2982 4884; ppageno 0'>
   <div class='ocr_carea' id='block_1_1' title="bbox 515 363 1215 443">
    <p class='ocr_par' dir='ltr' id='par_1_1' title="bbox 515 363 1215 443">
     <span class='ocr_line' id='line_1_1' title="bbox 515 363 1215 443; baseline 0 -19"><span class='ocrx_word' id='word_1_1' title='bbox 515 397 558 408; x_wconf 88' lang='lat'><em>-</em></span> <span class='ocrx_word' id='word_1_2' title='bbox 606 363 689 443; x_wconf 55' lang='lat' dir='ltr'>raro]</span> <span class='ocrx_word' id='word_1_3' title='bbox 737 398 781 408; x_wconf 90' lang='grc'>-</span> <span class='ocrx_word' id='word_1_4' title='bbox 1154 363 1215 424; x_wconf 79' lang='lat' dir='ltr'><strong><em>aas</em></strong></span> 
     </span>
    </p>
   </div>
   <div class='ocr_carea' id='block_1_2' title="bbox 74 537 1216 740">
    <p class='ocr_par' dir='ltr' id='par_1_2' title="bbox 74 537 1216 740">
     <span class='ocr_line' id='line_1_2' title="bbox 163 537 1216 637; baseline 0.004 -27"><span class='ocrx_word' id='word_1_5' title='bbox 163 567 195 632; x_wconf 88' lang='lat' dir='ltr'><strong><em>p.</em></strong></span> <span class='ocrx_word' id='word_1_6' title='bbox 217 549 343 614; x_wconf 85' lang='lat' dir='ltr'>1039oss</span> <span class='ocrx_word' id='word_1_7' title='bbox 361 537 427 614; x_wconf 77' lang='grc' dir='ltr'><strong><em>Ἠν</em></strong></span> <span class='ocrx_word' id='word_1_8' title='bbox 449 545 512 634; x_wconf 84' lang='grc' dir='ltr'><strong><em>γὰρ</em></strong></span> <span class='ocrx_word' id='word_1_9' title='bbox 536 546 575 636; x_wconf 78' lang='grc' dir='ltr'><strong><em>δή</em></strong></span> <span class='ocrx_word' id='word_1_10' title='bbox 599 573 668 615; x_wconf 89' lang='grc' dir='ltr'><strong><em>που</em></strong></span> <span class='ocrx_word' id='word_1_11' title='bbox 687 549 895 637; x_wconf 79' lang='grc' dir='ltr'><strong><em>κατάλληλος</em></strong></span> <span class='ocrx_word' id='word_1_12' title='bbox 911 544 928 612; x_wconf 83' lang='grc' dir='ltr'><strong><em>ό</em></strong></span> <span class='ocrx_word' id='word_1_13' title='bbox 945 549 1054 636; x_wconf 86' lang='grc' dir='ltr'><strong><em>λόγος,</em></strong></span> <span class='ocrx_word' id='word_1_14' title='bbox 1082 549 1112 616; x_wconf 87' lang='grc' dir='ltr'><strong><em>εί</em></strong></span> <span class='ocrx_word' id='word_1_15' title='bbox 1128 549 1216 636; x_wconf 81' lang='grc' dir='ltr'><strong><em>πρὸς</em></strong></span> 
     </span>
     <span class='ocr_line' id='line_1_3' title="bbox 74 642 1211 740; baseline 0.004 -27"><span class='ocrx_word' id='word_1_16' title='bbox 74 648 137 736; x_wconf 69' lang='grc' dir='ltr'><strong><em>τὴν</em></strong></span> <span class='ocrx_word' id='word_1_17' title='bbox 164 654 296 734; x_wconf 86' lang='grc' dir='ltr'><strong><em>γένεσιν</em></strong></span> <span class='ocrx_word' id='word_1_18' title='bbox 324 645 523 738; x_wconf 78' lang='grc' dir='ltr'><strong><em>ἀναφέρων,</em></strong></span> <span class='ocrx_word' id='word_1_19' title='bbox 560 645 648 737; x_wconf 83' lang='grc' dir='ltr'><strong><em>ὐπέρ</em></strong></span> <span class='ocrx_word' id='word_1_20' title='bbox 682 645 720 740; x_wconf 78' lang='grc' dir='ltr'><strong><em>ἧς</em></strong></span> <span class='ocrx_word' id='word_1_21' title='bbox 754 646 771 718; x_wconf 88' lang='grc' dir='ltr'><strong><em>ό</em></strong></span> <span class='ocrx_word' id='word_1_22' title='bbox 806 651 906 738; x_wconf 91' lang='grc' dir='ltr'><strong><em>λόγος</em></strong></span> <span class='ocrx_word' id='word_1_23' title='bbox 940 642 990 740; x_wconf 72' lang='grc' dir='ltr'><strong><em>ἦν,</em></strong></span> <span class='ocrx_word' id='word_1_24' title='bbox 1029 651 1211 740; x_wconf 71' lang='grc' dir='ltr'><strong><em>ἐπέθηκεν·</em></strong></span> 
     </span>
    </p>
   </div>
   <div class='ocr_carea' id='block_1_3' title="bbox 69 748 1290 2081">
    <p class='ocr_par' dir='ltr' id='par_1_3' title="bbox 69 748 1290 2081">
     <span class='ocr_line' id='line_1_4' title="bbox 76 748 1214 844; baseline 0.004 -27"><span class='ocrx_word' id='word_1_25' title='bbox 76 749 262 831; x_wconf 63' lang='lat' dir='ltr'>„litteo-cu</span> <span class='ocrx_word' id='word_1_26' title='bbox 284 748 387 843; x_wconf 78' lang='grc' dir='ltr'><strong><em>αὐτῆς</em></strong></span> <span class='ocrx_word' id='word_1_27' title='bbox 409 749 584 842; x_wconf 80' lang='grc' dir='ltr'><strong><em>ἡκούσης“,</em></strong></span> <span class='ocrx_word' id='word_1_28' title='bbox 612 754 669 822; x_wconf 82' lang='grc' dir='ltr'><strong><em>έπί</em></strong></span> <span class='ocrx_word' id='word_1_29' title='bbox 694 756 730 821; x_wconf 73' lang='lat' dir='ltr'>di</span> <span class='ocrx_word' id='word_1_30' title='bbox 753 763 819 822; x_wconf 83' lang='grc' dir='ltr'><strong><em>τῶν</em></strong></span> <span class='ocrx_word' id='word_1_31' title='bbox 840 751 973 844; x_wconf 73' lang='grc' dir='ltr'><strong><em>ἀνδρῶν</em></strong></span> <span class='ocrx_word' id='word_1_32' title='bbox 987 758 1120 840; x_wconf 95' lang='grc' dir='ltr'><strong><em>μέλλων</em></strong></span> <span class='ocrx_word' id='word_1_33' title='bbox 1135 781 1214 822; x_wconf 91' lang='grc' dir='ltr'><strong><em>ποι-</em></strong></span> 
     </span>
     <span class='ocr_line' id='line_1_5' title="bbox 72 853 1213 948; baseline 0.004 -26"><span class='ocrx_word' id='word_1_34' title='bbox 72 862 194 922; x_wconf 70' lang='grc' dir='ltr'><strong><em>εῖσθαι</em></strong></span> <span class='ocrx_word' id='word_1_35' title='bbox 215 855 275 924; x_wconf 88' lang='grc' dir='ltr'><strong><em>τὸν</em></strong></span> <span class='ocrx_word' id='word_1_36' title='bbox 297 856 408 943; x_wconf 90' lang='grc' dir='ltr'><strong><em>λόγον,</em></strong></span> <span class='ocrx_word' id='word_1_37' title='bbox 435 857 472 938; x_wconf 86' lang='grc' dir='ltr'><strong><em>έξ</em></strong></span> <span class='ocrx_word' id='word_1_38' title='bbox 494 853 598 945; x_wconf 80' lang='grc' dir='ltr'><strong><em>ἀρχῆς</em></strong></span> <span class='ocrx_word' id='word_1_39' title='bbox 621 853 728 937; x_wconf 83' lang='grc' dir='ltr'><strong><em>οὐτως</em></strong></span> <span class='ocrx_word' id='word_1_40' title='bbox 747 855 789 926; x_wconf 82' lang='grc' dir='ltr'><strong><em>ἀν</em></strong></span> <span class='ocrx_word' id='word_1_41' title='bbox 803 857 1031 948; x_wconf 78' lang='grc' dir='ltr'><strong><em>κατεστήσατο</em></strong></span> <span class='ocrx_word' id='word_1_42' title='bbox 1047 857 1108 948; x_wconf 80' lang='grc' dir='ltr'><strong><em>τὴν</em></strong></span> <span class='ocrx_word' id='word_1_43' title='bbox 1124 858 1213 948; x_wconf 85' lang='grc' dir='ltr'><strong><em>φρό-</em></strong></span> 
     </span>
     <span class='ocr_line' id='line_1_6' title="bbox 71 955 1209 1051; baseline 0.005 -27"><span class='ocrx_word' id='word_1_44' title='bbox 71 982 144 1026; x_wconf 89' lang='grc' dir='ltr'><strong><em>σιν·</em></strong></span> <span class='ocrx_word' id='word_1_45' title='bbox 172 968 264 1047; x_wconf 63' lang='lat' dir='ltr'><strong><em>„rog</em></strong></span> <span class='ocrx_word' id='word_1_46' title='bbox 286 955 318 1028; x_wconf 78' lang='grc' dir='ltr'><strong><em>δ’</em></strong></span> <span class='ocrx_word' id='word_1_47' title='bbox 334 956 503 1046; x_wconf 78' lang='grc' dir='ltr'><strong><em>εὐγενείας</em></strong></span> <span class='ocrx_word' id='word_1_48' title='bbox 525 969 662 1051; x_wconf 87' lang='grc' dir='ltr'><strong><em>πρῶτον</em></strong></span> <span class='ocrx_word' id='word_1_49' title='bbox 675 957 834 1051; x_wconf 76' lang='grc' dir='ltr'><strong><em>ὑπῆρξαν</em></strong></span> <span class='ocrx_word' id='word_1_50' title='bbox 846 965 959 1030; x_wconf 74' lang='lat' dir='ltr'>solede</span> <span class='ocrx_word' id='word_1_51' title='bbox 983 962 1016 1030; x_wconf 82' lang='lat' dir='ltr'>oi</span> <span class='ocrx_word' id='word_1_52' title='bbox 1035 961 1209 1049; x_wconf 85' lang='grc' dir='ltr'><strong><em>πρόγονοι,</em></strong></span> 
     </span>
     <span class='ocr_line' id='line_1_7' title="bbox 70 1059 1213 1156; baseline 0.005 -28"><span class='ocrx_word' id='word_1_53' title='bbox 70 1059 149 1146; x_wconf 83' lang='grc' dir='ltr'><strong><em>οὐχὶ</em></strong></span> <span class='ocrx_word' id='word_1_54' title='bbox 173 1061 338 1151; x_wconf 76' lang='grc' dir='ltr'><strong><em>έπήλυόες</em></strong></span> <span class='ocrx_word' id='word_1_55' title='bbox 361 1059 455 1142; x_wconf 79' lang='grc' dir='ltr'><strong><em>ὄντες</em></strong></span> <span class='ocrx_word' id='word_1_56' title='bbox 477 1060 555 1132; x_wconf 81' lang='grc' dir='ltr'><strong><em>οὐδὲ</em></strong></span> <span class='ocrx_word' id='word_1_57' title='bbox 579 1065 657 1144; x_wconf 84' lang='grc' dir='ltr'><strong><em>τοὺς</em></strong></span> <span class='ocrx_word' id='word_1_58' title='bbox 680 1063 839 1151; x_wconf 76' lang='grc' dir='ltr'><strong><em>ἐκγόνους</em></strong></span> <span class='ocrx_word' id='word_1_59' title='bbox 853 1065 994 1145; x_wconf 80' lang='grc' dir='ltr'><strong><em>τούτους</em></strong></span> <span class='ocrx_word' id='word_1_60' title='bbox 1010 1061 1213 1156; x_wconf 78' lang='grc' dir='ltr'><strong><em>ἀποφήναν-</em></strong></span> 
     </span>
     <span class='ocr_line' id='line_1_8' title="bbox 72 1165 1210 1258; baseline 0.005 -28"><span class='ocrx_word' id='word_1_61' title='bbox 72 1191 128 1244; x_wconf 87' lang='grc' dir='ltr'><strong><em>τες</em></strong></span> <span class='ocrx_word' id='word_1_62' title='bbox 150 1175 391 1250; x_wconf 82' lang='grc' dir='ltr'><strong><em>μετοικούντας</em></strong></span> <span class='ocrx_word' id='word_1_63' title='bbox 414 1165 451 1235; x_wconf 87' lang='grc' dir='ltr'><strong><em>έν</em></strong></span> <span class='ocrx_word' id='word_1_64' title='bbox 472 1176 511 1253; x_wconf 79' lang='grc' dir='ltr'><strong><em>τῇ</em></strong></span> <span class='ocrx_word' id='word_1_65' title='bbox 534 1166 636 1256; x_wconf 77' lang='grc' dir='ltr'><strong><em>χώρᾳ,</em></strong></span> <span class='ocrx_word' id='word_1_66' title='bbox 665 1165 815 1236; x_wconf 76' lang='grc' dir='ltr'><strong><em>ἀλλοθεν</em></strong></span> <span class='ocrx_word' id='word_1_67' title='bbox 834 1178 931 1258; x_wconf 81' lang='grc' dir='ltr'><strong><em>σιγῶν</em></strong></span> <span class='ocrx_word' id='word_1_68' title='bbox 947 1165 1108 1258; x_wconf 78' lang='grc' dir='ltr'><strong><em>ἡκόντων,</em></strong></span> <span class='ocrx_word' id='word_1_69' title='bbox 1136 1165 1210 1236; x_wconf 79' lang='grc' dir='ltr'><strong><em>ἀλλ’</em></strong></span> 
     </span>
     <span class='ocr_line' id='line_1_9' title="bbox 71 1264 1213 1358; baseline 0.005 -24"><span class='ocrx_word' id='word_1_70' title='bbox 71 1264 332 1354; x_wconf 77' lang='grc' dir='ltr'><strong><em>αὐτόχθονας“.</em></strong></span> <span class='ocrx_word' id='word_1_71' title='bbox 380 1272 590 1354; x_wconf 79' lang='lat' dir='ltr'>Constructio‚</span> <span class='ocrx_word' id='word_1_72' title='bbox 617 1273 724 1357; x_wconf 87' lang='lat' dir='ltr'>qualis</span> <span class='ocrx_word' id='word_1_73' title='bbox 745 1274 778 1339; x_wconf 94' lang='lat' dir='ltr'>iu</span> <span class='ocrx_word' id='word_1_74' title='bbox 801 1273 966 1341; x_wconf 79' lang='lat' dir='ltr'><strong>codicibus</strong></span> <span class='ocrx_word' id='word_1_75' title='bbox 989 1275 1115 1358; x_wconf 81' lang='lat' dir='ltr'>legitur,</span> <span class='ocrx_word' id='word_1_76' title='bbox 1151 1275 1213 1341; x_wconf 93' lang='lat' dir='ltr'>nisi</span> 
     </span>
     <span class='ocr_line' id='line_1_10' title="bbox 71 1369 1213 1464; baseline 0.004 -26"><span class='ocrx_word' id='word_1_77' title='bbox 71 1369 189 1458; x_wconf 72' lang='grc' dir='ltr'><strong><em>ὀρθῶς</em></strong></span> <span class='ocrx_word' id='word_1_78' title='bbox 210 1375 262 1440; x_wconf 85' lang='lat' dir='ltr'><strong><em>vol</em></strong></span> <span class='ocrx_word' id='word_1_79' title='bbox 286 1375 391 1440; x_wconf 90' lang='lat' dir='ltr'>simile</span> <span class='ocrx_word' id='word_1_80' title='bbox 413 1374 537 1459; x_wconf 88' lang='lat' dir='ltr'>aliquid</span> <span class='ocrx_word' id='word_1_81' title='bbox 552 1383 628 1442; x_wconf 85' lang='lat' dir='ltr'>aute</span> <span class='ocrx_word' id='word_1_82' title='bbox 650 1373 877 1464; x_wconf 76' lang='grc' dir='ltr'><strong><em>κατεστήσατο</em></strong></span> <span class='ocrx_word' id='word_1_83' title='bbox 901 1377 1111 1462; x_wconf 78' lang='lat' dir='ltr'>suppleveris,</span> <span class='ocrx_word' id='word_1_84' title='bbox 1137 1378 1213 1444; x_wconf 85' lang='lat' dir='ltr'>ferri</span> 
     </span>
     <span class='ocr_line' id='line_1_11' title="bbox 69 1476 1214 1565; baseline 0.003 -23"><span class='ocrx_word' id='word_1_85' title='bbox 69 1477 194 1561; x_wconf 87' lang='lat' dir='ltr'>nequit.</span> <span class='ocrx_word' id='word_1_86' title='bbox 242 1476 365 1554; x_wconf 81' lang='lat' dir='ltr'>Quodsi</span> <span class='ocrx_word' id='word_1_87' title='bbox 388 1483 546 1544; x_wconf 86' lang='lat' dir='ltr'>structura</span> <span class='ocrx_word' id='word_1_88' title='bbox 569 1479 646 1544; x_wconf 93' lang='lat' dir='ltr'>olim</span> <span class='ocrx_word' id='word_1_89' title='bbox 668 1479 729 1545; x_wconf 86' lang='lat' dir='ltr'>fuit</span> <span class='ocrx_word' id='word_1_90' title='bbox 751 1479 991 1560; x_wconf 77' lang='lat' dir='ltr'>condicionalis,</span> <span class='ocrx_word' id='word_1_91' title='bbox 1025 1479 1116 1546; x_wconf 91' lang='lat' dir='ltr'>cuius</span> <span class='ocrx_word' id='word_1_92' title='bbox 1139 1500 1214 1565; x_wconf 87' lang='lat' dir='ltr'>pro-</span> 
     </span>
     <span class='ocr_line' id='line_1_12' title="bbox 69 1576 1290 1670; baseline 0.002 -24"><span class='ocrx_word' id='word_1_93' title='bbox 69 1581 154 1648; x_wconf 82' lang='lat' dir='ltr'>tasis</span> <span class='ocrx_word' id='word_1_94' title='bbox 182 1580 333 1666; x_wconf 80' lang='lat' dir='ltr'>bipertita</span> <span class='ocrx_word' id='word_1_95' title='bbox 361 1591 430 1648; x_wconf 78' lang='lat' dir='ltr'>erat</span> <span class='ocrx_word' id='word_1_96' title='bbox 458 1580 489 1646; x_wconf 89' lang='grc' dir='ltr'><strong><em>εί</em></strong></span> <span class='ocrx_word' id='word_1_97' title='bbox 512 1579 683 1668; x_wconf 69' lang='grc' dir='ltr'><strong><em>ἐπέθηκεν</em></strong></span> <span class='ocrx_word' id='word_1_98' title='bbox 710 1589 743 1649; x_wconf 86' lang='lat' dir='ltr'><strong><em>et</em></strong></span> <span class='ocrx_word' id='word_1_99' title='bbox 765 1577 872 1659; x_wconf 71' lang='grc' dir='ltr'><strong><em>οὕτως</em></strong></span> <span class='ocrx_word' id='word_1_100' title='bbox 896 1576 943 1648; x_wconf 84' lang='grc' dir='ltr'><strong><em>ἀν</em></strong></span> <span class='ocrx_word' id='word_1_101' title='bbox 972 1579 1209 1670; x_wconf 77' lang='grc' dir='ltr'><strong><em>κατεστήσατο.</em></strong></span> <span class='ocrx_word' id='word_1_102' title='bbox 1286 1651 1290 1660; x_wconf 64' lang='lat'>.</span> 
     </span>
     <span class='ocr_line' id='line_1_13' title="bbox 70 1679 1212 1771; baseline 0 -21"><span class='ocrx_word' id='word_1_103' title='bbox 70 1685 219 1768; x_wconf 86' lang='lat' dir='ltr'>seqnitur</span> <span class='ocrx_word' id='word_1_104' title='bbox 248 1704 358 1752; x_wconf 86' lang='lat' dir='ltr'>rocem</span> <span class='ocrx_word' id='word_1_105' title='bbox 389 1679 432 1750; x_wconf 82' lang='grc' dir='ltr'><strong><em>ἀν</em></strong></span> <span class='ocrx_word' id='word_1_106' title='bbox 459 1685 493 1750; x_wconf 92' lang='lat' dir='ltr'>iu</span> <span class='ocrx_word' id='word_1_107' title='bbox 525 1686 699 1770; x_wconf 86' lang='lat' dir='ltr'>posteriore</span> <span class='ocrx_word' id='word_1_108' title='bbox 732 1687 802 1752; x_wconf 86' lang='lat' dir='ltr'>colo</span> <span class='ocrx_word' id='word_1_109' title='bbox 836 1692 955 1752; x_wconf 88' lang='lat' dir='ltr'>temere</span> <span class='ocrx_word' id='word_1_110' title='bbox 988 1686 1212 1771; x_wconf 76' lang='lat' dir='ltr'>interpolatam</span> 
     </span>
     <span class='ocr_line' id='line_1_14' title="bbox 69 1777 1213 1876; baseline 0 -22"><span class='ocrx_word' id='word_1_111' title='bbox 69 1809 156 1854; x_wconf 88' lang='lat' dir='ltr'>csse.</span> <span class='ocrx_word' id='word_1_112' title='bbox 205 1789 276 1853; x_wconf 88' lang='lat' dir='ltr'><strong><em>Iam</em></strong></span> <span class='ocrx_word' id='word_1_113' title='bbox 297 1788 338 1854; x_wconf 87' lang='lat' dir='ltr'>de</span> <span class='ocrx_word' id='word_1_114' title='bbox 360 1787 497 1873; x_wconf 87' lang='lat' dir='ltr'>apodosi</span> <span class='ocrx_word' id='word_1_115' title='bbox 511 1788 720 1875; x_wconf 90' lang='lat' dir='ltr'>dispiciamus</span> <span class='ocrx_word' id='word_1_116' title='bbox 743 1777 784 1876; x_wconf 82' lang='grc' dir='ltr'><strong><em>ἦν</em></strong></span> <span class='ocrx_word' id='word_1_117' title='bbox 806 1785 869 1875; x_wconf 85' lang='grc' dir='ltr'><strong><em>γὰρ</em></strong></span> <span class='ocrx_word' id='word_1_118' title='bbox 893 1786 932 1876; x_wconf 79' lang='grc' dir='ltr'><strong><em>δή</em></strong></span> <span class='ocrx_word' id='word_1_119' title='bbox 957 1813 1026 1854; x_wconf 82' lang='grc' dir='ltr'><strong><em>που</em></strong></span> <span class='ocrx_word' id='word_1_120' title='bbox 1048 1787 1213 1876; x_wconf 77' lang='grc' dir='ltr'><strong><em>κατάλλη-</em></strong></span> 
     </span>
     <span class='ocr_line' id='line_1_15' title="bbox 71 1885 1214 1978; baseline 0.003 -23"><span class='ocrx_word' id='word_1_121' title='bbox 71 1895 132 1969; x_wconf 84' lang='grc' dir='ltr'><strong><em>λος</em></strong></span> <span class='ocrx_word' id='word_1_122' title='bbox 163 1885 320 1976; x_wconf 85' lang='grc' dir='ltr'><strong><em>όλόγος;</em></strong></span> <span class='ocrx_word' id='word_1_123' title='bbox 354 1892 465 1976; x_wconf 89' lang='lat' dir='ltr'>ntique</span> <span class='ocrx_word' id='word_1_124' title='bbox 494 1891 696 1959; x_wconf 87' lang='lat' dir='ltr'>desideratur</span> <span class='ocrx_word' id='word_1_125' title='bbox 723 1887 780 1973; x_wconf 83' lang='grc' dir='ltr'><strong><em>ἀν,</em></strong></span> <span class='ocrx_word' id='word_1_126' title='bbox 814 1893 899 1976; x_wconf 88' lang='lat' dir='ltr'>quod</span> <span class='ocrx_word' id='word_1_127' title='bbox 928 1892 997 1960; x_wconf 90' lang='lat' dir='ltr'>fieri</span> <span class='ocrx_word' id='word_1_128' title='bbox 1026 1899 1146 1978; x_wconf 86' lang='lat' dir='ltr'>potest,</span> <span class='ocrx_word' id='word_1_129' title='bbox 1179 1902 1214 1959; x_wconf 89' lang='lat' dir='ltr'>ut</span> 
     </span>
     <span class='ocr_line' id='line_1_16' title="bbox 69 1993 1211 2081; baseline 0 -21"><span class='ocrx_word' id='word_1_130' title='bbox 69 1997 103 2060; x_wconf 91' lang='lat' dir='ltr'>in</span> <span class='ocrx_word' id='word_1_131' title='bbox 129 1993 276 2079; x_wconf 81' lang='lat' dir='ltr'>margine</span> <span class='ocrx_word' id='word_1_132' title='bbox 299 1993 495 2080; x_wconf 89' lang='lat' dir='ltr'>adscriptum</span> <span class='ocrx_word' id='word_1_133' title='bbox 518 1994 602 2060; x_wconf 84' lang='lat' dir='ltr'>male</span> <span class='ocrx_word' id='word_1_134' title='bbox 624 1993 667 2060; x_wconf 88' lang='lat' dir='ltr'>ad</span> <span class='ocrx_word' id='word_1_135' title='bbox 688 1995 896 2081; x_wconf 79' lang='lat' dir='ltr'>posteriorem</span> <span class='ocrx_word' id='word_1_136' title='bbox 912 1996 1056 2080; x_wconf 88' lang='lat' dir='ltr'>protasin</span> <span class='ocrx_word' id='word_1_137' title='bbox 1070 1996 1211 2062; x_wconf 91' lang='lat' dir='ltr'>delatum</span> 
     </span>
    </p>
   </div>
   <div class='ocr_carea' id='block_1_4' title="bbox 67 2195 1213 2700">
    <p class='ocr_par' dir='ltr' id='par_1_4' title="bbox 67 2195 1213 2700">
     <span class='ocr_line' id='line_1_17' title="bbox 69 2195 1213 2287; baseline 0.003 -21"><span class='ocrx_word' id='word_1_138' title='bbox 69 2201 241 2285; x_wconf 80' lang='lat' dir='ltr'>particulis</span> <span class='ocrx_word' id='word_1_139' title='bbox 269 2195 310 2266; x_wconf 78' lang='grc' dir='ltr'><strong><em>ἂν</em></strong></span> <span class='ocrx_word' id='word_1_140' title='bbox 333 2197 372 2287; x_wconf 81' lang='grc' dir='ltr'><strong><em>δή</em></strong></span> <span class='ocrx_word' id='word_1_141' title='bbox 404 2224 473 2266; x_wconf 87' lang='grc' dir='ltr'><strong><em>που</em></strong></span> <span class='ocrx_word' id='word_1_142' title='bbox 500 2200 679 2268; x_wconf 90' lang='lat' dir='ltr'>coniunctis</span> <span class='ocrx_word' id='word_1_143' title='bbox 707 2200 853 2268; x_wconf 85' lang='lat' dir='ltr'>conseras</span> <span class='ocrx_word' id='word_1_144' title='bbox 874 2222 907 2286; x_wconf 88' lang='lat' dir='ltr'><strong><em>p.</em></strong></span> <span class='ocrx_word' id='word_1_145' title='bbox 927 2206 982 2268; x_wconf 69' lang='lat'><strong><em>88⁶</em></strong></span> <span class='ocrx_word' id='word_1_146' title='bbox 1010 2201 1136 2284; x_wconf 84' lang='grc' dir='ltr'><strong><em>μείζων</em></strong></span> <span class='ocrx_word' id='word_1_147' title='bbox 1165 2197 1213 2268; x_wconf 78' lang='grc' dir='ltr'><strong><em>ἂν</em></strong></span> 
     </span>
     <span class='ocr_line' id='line_1_18' title="bbox 67 2297 1213 2391; baseline 0.002 -23"><span class='ocrx_word' id='word_1_148' title='bbox 67 2301 117 2390; x_wconf 78' lang='grc' dir='ltr'><strong><em>δή</em></strong></span> <span class='ocrx_word' id='word_1_149' title='bbox 144 2326 226 2369; x_wconf 86' lang='grc' dir='ltr'><strong><em>που</em></strong></span> <span class='ocrx_word' id='word_1_150' title='bbox 251 2305 382 2388; x_wconf 82' lang='grc' dir='ltr'><strong><em>λέγοιτο</em></strong></span> <span class='ocrx_word' id='word_1_151' title='bbox 413 2297 502 2369; x_wconf 90' lang='grc' dir='ltr'><strong><em>είναι</em></strong></span> <span class='ocrx_word' id='word_1_152' title='bbox 531 2311 589 2390; x_wconf 73' lang='grc' dir='ltr'><strong><em>τῆς</em></strong></span> <span class='ocrx_word' id='word_1_153' title='bbox 617 2309 798 2391; x_wconf 81' lang='grc' dir='ltr'><strong><em>προτέρας.</em></strong></span> <span class='ocrx_word' id='word_1_154' title='bbox 845 2307 937 2370; x_wconf 80' lang='lat' dir='ltr'>978ss</span> <span class='ocrx_word' id='word_1_155' title='bbox 961 2304 991 2370; x_wconf 87' lang='grc' dir='ltr'><strong><em>εί</em></strong></span> <span class='ocrx_word' id='word_1_156' title='bbox 1012 2305 1075 2388; x_wconf 80' lang='grc' dir='ltr'><strong><em>μὲν</em></strong></span> <span class='ocrx_word' id='word_1_157' title='bbox 1098 2300 1213 2382; x_wconf 77' lang='grc' dir='ltr'><strong><em>ἁπλῶς</em></strong></span> 
     </span>
     <span class='ocr_line' id='line_1_19' title="bbox 69 2401 1213 2495; baseline 0 -23"><span class='ocrx_word' id='word_1_158' title='bbox 69 2409 130 2472; x_wconf 87' lang='grc' dir='ltr'><strong><em>καὶ</em></strong></span> <span class='ocrx_word' id='word_1_159' title='bbox 153 2401 366 2493; x_wconf 76' lang='grc' dir='ltr'><strong><em>ἀπεριέργως</em></strong></span> <span class='ocrx_word' id='word_1_160' title='bbox 387 2405 456 2472; x_wconf 74' lang='grc' dir='ltr'><strong><em>ἔδει</em></strong></span> <span class='ocrx_word' id='word_1_161' title='bbox 478 2406 637 2494; x_wconf 77' lang='grc' dir='ltr'><strong><em>ῥηθῆναι,</em></strong></span> <span class='ocrx_word' id='word_1_162' title='bbox 664 2414 785 2474; x_wconf 85' lang='grc' dir='ltr'><strong><em>τοῦτον</em></strong></span> <span class='ocrx_word' id='word_1_163' title='bbox 808 2401 857 2473; x_wconf 83' lang='grc' dir='ltr'><strong><em>ἀν</em></strong></span> <span class='ocrx_word' id='word_1_164' title='bbox 878 2405 924 2495; x_wconf 76' lang='grc' dir='ltr'><strong><em>δή</em></strong></span> <span class='ocrx_word' id='word_1_165' title='bbox 949 2431 1031 2474; x_wconf 87' lang='grc' dir='ltr'><strong><em>που</em></strong></span> <span class='ocrx_word' id='word_1_166' title='bbox 1053 2405 1113 2474; x_wconf 86' lang='grc' dir='ltr'><strong><em>τὸν</em></strong></span> <span class='ocrx_word' id='word_1_167' title='bbox 1134 2407 1213 2493; x_wconf 87' lang='grc' dir='ltr'><strong><em>τρό-</em></strong></span> 
     </span>
     <span class='ocr_line' id='line_1_20' title="bbox 68 2504 1213 2598; baseline 0.001 -23"><span class='ocrx_word' id='word_1_168' title='bbox 68 2535 142 2576; x_wconf 74' lang='grc' dir='ltr'><strong><em>πον</em></strong></span> <span class='ocrx_word' id='word_1_169' title='bbox 165 2504 369 2597; x_wconf 73' lang='grc' dir='ltr'><strong><em>ἀπήγγελτο.</em></strong></span> <span class='ocrx_word' id='word_1_170' title='bbox 409 2510 449 2575; x_wconf 84' lang='grc' dir='ltr'><strong><em>Α.</em></strong></span> <span class='ocrx_word' id='word_1_171' title='bbox 468 2511 506 2575; x_wconf 88' lang='lat' dir='ltr'><strong><em>R.</em></strong></span> <span class='ocrx_word' id='word_1_172' title='bbox 525 2511 601 2576; x_wconf 91' lang='lat' dir='ltr'>VIII</span> <span class='ocrx_word' id='word_1_173' title='bbox 617 2514 657 2575; x_wconf 82' lang='lat'><strong><em>79</em></strong></span> <span class='ocrx_word' id='word_1_174' title='bbox 680 2531 713 2596; x_wconf 90' lang='lat' dir='ltr'><strong><em>p.</em></strong></span> <span class='ocrx_word' id='word_1_175' title='bbox 726 2513 802 2575; x_wconf 58' lang='lat'><strong><em>205„</em></strong></span> <span class='ocrx_word' id='word_1_176' title='bbox 826 2505 886 2577; x_wconf 91' lang='grc' dir='ltr'><strong><em>οὐκ</em></strong></span> <span class='ocrx_word' id='word_1_177' title='bbox 910 2504 959 2577; x_wconf 82' lang='grc' dir='ltr'><strong><em>ἀν</em></strong></span> <span class='ocrx_word' id='word_1_178' title='bbox 981 2509 1026 2597; x_wconf 80' lang='grc' dir='ltr'><strong><em>δή</em></strong></span> <span class='ocrx_word' id='word_1_179' title='bbox 1052 2535 1130 2578; x_wconf 86' lang='grc' dir='ltr'><strong><em>που</em></strong></span> <span class='ocrx_word' id='word_1_180' title='bbox 1153 2512 1213 2598; x_wconf 72' lang='grc' dir='ltr'><strong><em>τὴν</em></strong></span> 
     </span>
     <span class='ocr_line' id='line_1_21' title="bbox 67 2606 762 2700; baseline 0.003 -23"><span class='ocrx_word' id='word_1_181' title='bbox 67 2611 196 2680; x_wconf 87' lang='grc' dir='ltr'><strong><em>οὐσίαν</em></strong></span> <span class='ocrx_word' id='word_1_182' title='bbox 221 2665 227 2676; x_wconf 93' lang='grc'><strong><em>.</em></strong></span> <span class='ocrx_word' id='word_1_183' title='bbox 250 2665 256 2676; x_wconf 93' lang='grc'><strong><em>.</em></strong></span> <span class='ocrx_word' id='word_1_184' title='bbox 279 2665 284 2676; x_wconf 95' lang='grc'><strong><em>.</em></strong></span> <span class='ocrx_word' id='word_1_185' title='bbox 311 2611 468 2700; x_wconf 78' lang='grc' dir='ltr'><strong><em>δημεύειν</em></strong></span> <span class='ocrx_word' id='word_1_186' title='bbox 491 2606 509 2700; x_wconf 75' lang='grc' dir='ltr'><em>ἡ</em></span> <span class='ocrx_word' id='word_1_187' title='bbox 534 2611 635 2690; x_wconf 88' lang='grc' dir='ltr'><strong><em>πόλις</em></strong></span> <span class='ocrx_word' id='word_1_188' title='bbox 659 2607 762 2700; x_wconf 78' lang='grc' dir='ltr'><strong><em>ἠξίου.</em></strong></span> 
     </span>
    </p>
   </div>
   <div class='ocr_carea' id='block_1_5' title="bbox 62 2761 1212 3679">
    <p class='ocr_par' dir='ltr' id='par_1_5' title="bbox 62 2761 1212 3679">
     <span class='ocr_line' id='line_1_22' title="bbox 158 2761 1210 2854; baseline -0.001 -23"><span class='ocrx_word' id='word_1_189' title='bbox 158 2791 191 2854; x_wconf 92' lang='lat' dir='ltr'><strong><em>p.</em></strong></span> <span class='ocrx_word' id='word_1_190' title='bbox 210 2773 337 2834; x_wconf 69' lang='lat' dir='ltr'>liliisne</span> <span class='ocrx_word' id='word_1_191' title='bbox 364 2762 432 2832; x_wconf 89' lang='grc' dir='ltr'><strong><em>Οὐκ</em></strong></span> <span class='ocrx_word' id='word_1_192' title='bbox 454 2761 540 2848; x_wconf 74' lang='lat' dir='ltr'>oica,</span> <span class='ocrx_word' id='word_1_193' title='bbox 568 2765 598 2831; x_wconf 89' lang='grc' dir='ltr'><strong><em>εί</em></strong></span> <span class='ocrx_word' id='word_1_194' title='bbox 621 2765 678 2831; x_wconf 84' lang='grc' dir='ltr'><strong><em>έπὶ</em></strong></span> <span class='ocrx_word' id='word_1_195' title='bbox 702 2765 944 2852; x_wconf 89' lang='grc' dir='ltr'><strong><em>λαμπρότατον</em></strong></span> <span class='ocrx_word' id='word_1_196' title='bbox 966 2765 1047 2831; x_wconf 87' lang='grc' dir='ltr'><strong><em>ἀλλο</em></strong></span> <span class='ocrx_word' id='word_1_197' title='bbox 1071 2775 1210 2852; x_wconf 82' lang='grc' dir='ltr'><strong><em>πρᾶγμα</em></strong></span> 
     </span>
     <span class='ocr_line' id='line_1_23' title="bbox 66 2865 1208 2956; baseline -0.002 -19"><span class='ocrx_word' id='word_1_198' title='bbox 66 2871 195 2938; x_wconf 81' lang='grc' dir='ltr'><strong><em>τούτου</em></strong></span> <span class='ocrx_word' id='word_1_199' title='bbox 216 2865 451 2955; x_wconf 85' lang='grc' dir='ltr'><strong><em>εὐτελέστερον</em></strong></span> <span class='ocrx_word' id='word_1_200' title='bbox 473 2869 602 2956; x_wconf 78' lang='grc' dir='ltr'><strong><em>είριγται</em></strong></span> <span class='ocrx_word' id='word_1_201' title='bbox 625 2868 787 2935; x_wconf 87' lang='grc' dir='ltr'><strong><em>Πλάτωνι</em></strong></span> <span class='ocrx_word' id='word_1_202' title='bbox 807 2871 864 2934; x_wconf 86' lang='grc' dir='ltr'><strong><em>καὶ</em></strong></span> <span class='ocrx_word' id='word_1_203' title='bbox 888 2869 1143 2955; x_wconf 82' lang='grc' dir='ltr'><strong><em>ἰδιωτικώτερον</em></strong></span> <span class='ocrx_word' id='word_1_204' title='bbox 1165 2871 1208 2935; x_wconf 91' lang='grc' dir='ltr'><strong><em>Μ.</em></strong></span> 
     </span>
     <span class='ocr_line' id='line_1_24' title="bbox 66 2969 1211 3061; baseline -0.002 -19"><span class='ocrx_word' id='word_1_205' title='bbox 66 2979 207 3061; x_wconf 86' lang='lat' dir='ltr'>Propter</span> <span class='ocrx_word' id='word_1_206' title='bbox 227 2974 497 3059; x_wconf 87' lang='lat' dir='ltr'>praepositionem</span> <span class='ocrx_word' id='word_1_207' title='bbox 519 2973 733 3038; x_wconf 86' lang='lat' dir='ltr'>nominativus</span> <span class='ocrx_word' id='word_1_208' title='bbox 757 2969 999 3058; x_wconf 85' lang='grc' dir='ltr'><strong><em>λαμπρότατον</em></strong></span> <span class='ocrx_word' id='word_1_209' title='bbox 1020 2973 1053 3037; x_wconf 92' lang='lat' dir='ltr'>in</span> <span class='ocrx_word' id='word_1_210' title='bbox 1072 2973 1211 3040; x_wconf 91' lang='lat' dir='ltr'>deterio-</span> 
     </span>
     <span class='ocr_line' id='line_1_25' title="bbox 65 3073 1210 3160; baseline -0.002 -16"><span class='ocrx_word' id='word_1_211' title='bbox 65 3081 160 3146; x_wconf 91' lang='lat' dir='ltr'>ribus</span> <span class='ocrx_word' id='word_1_212' title='bbox 192 3077 355 3142; x_wconf 89' lang='lat' dir='ltr'>codicibus</span> <span class='ocrx_word' id='word_1_213' title='bbox 383 3075 498 3140; x_wconf 84' lang='lat' dir='ltr'>leviter</span> <span class='ocrx_word' id='word_1_214' title='bbox 526 3075 558 3140; x_wconf 93' lang='lat' dir='ltr'>iu</span> <span class='ocrx_word' id='word_1_215' title='bbox 588 3073 831 3160; x_wconf 84' lang='grc' dir='ltr'><strong><em>λαμπροτάτου</em></strong></span> <span class='ocrx_word' id='word_1_216' title='bbox 865 3076 911 3160; x_wconf 85' lang='lat' dir='ltr'><strong><em>(R)</em></strong></span> <span class='ocrx_word' id='word_1_217' title='bbox 943 3083 1118 3141; x_wconf 88' lang='lat' dir='ltr'>correctum</span> <span class='ocrx_word' id='word_1_218' title='bbox 1149 3085 1210 3143; x_wconf 88' lang='lat' dir='ltr'>est.</span> 
     </span>
     <span class='ocr_line' id='line_1_26' title="bbox 67 3177 1205 3262; baseline -0.004 -16"><span class='ocrx_word' id='word_1_219' title='bbox 67 3189 110 3248; x_wconf 75' lang='lat' dir='ltr'>nt</span> <span class='ocrx_word' id='word_1_220' title='bbox 135 3180 288 3246; x_wconf 89' lang='lat' dir='ltr'>mendum</span> <span class='ocrx_word' id='word_1_221' title='bbox 312 3179 346 3242; x_wconf 93' lang='lat' dir='ltr'>in</span> <span class='ocrx_word' id='word_1_222' title='bbox 369 3178 441 3262; x_wconf 88' lang='lat' dir='ltr'>ipsa</span> <span class='ocrx_word' id='word_1_223' title='bbox 463 3177 699 3262; x_wconf 88' lang='lat' dir='ltr'>praepositione</span> <span class='ocrx_word' id='word_1_224' title='bbox 721 3179 810 3242; x_wconf 89' lang='lat' dir='ltr'>latet.</span> <span class='ocrx_word' id='word_1_225' title='bbox 852 3177 1018 3244; x_wconf 87' lang='lat' dir='ltr'>Sententia</span> <span class='ocrx_word' id='word_1_226' title='bbox 1041 3177 1120 3243; x_wconf 89' lang='lat' dir='ltr'>haec</span> <span class='ocrx_word' id='word_1_227' title='bbox 1143 3187 1205 3245; x_wconf 89' lang='lat' dir='ltr'>est:</span> 
     </span>
     <span class='ocr_line' id='line_1_27' title="bbox 67 3280 1211 3365; baseline -0.002 -15"><span class='ocrx_word' id='word_1_228' title='bbox 67 3282 168 3350; x_wconf 89' lang='lat' dir='ltr'>llaud</span> <span class='ocrx_word' id='word_1_229' title='bbox 191 3283 257 3347; x_wconf 90' lang='lat' dir='ltr'>scio</span> <span class='ocrx_word' id='word_1_230' title='bbox 280 3303 321 3346; x_wconf 90' lang='lat' dir='ltr'>an</span> <span class='ocrx_word' id='word_1_231' title='bbox 345 3281 411 3344; x_wconf 86' lang='lat' dir='ltr'>alia</span> <span class='ocrx_word' id='word_1_232' title='bbox 432 3300 496 3362; x_wconf 89' lang='lat' dir='ltr'>qua</span> <span class='ocrx_word' id='word_1_233' title='bbox 517 3299 568 3346; x_wconf 91' lang='lat' dir='ltr'>res</span> <span class='ocrx_word' id='word_1_234' title='bbox 591 3280 851 3365; x_wconf 84' lang='lat' dir='ltr'>praeclarissima</span> <span class='ocrx_word' id='word_1_235' title='bbox 873 3281 1012 3347; x_wconf 89' lang='lat' dir='ltr'>deterius</span> <span class='ocrx_word' id='word_1_236' title='bbox 1035 3301 1056 3345; x_wconf 89' lang='lat' dir='ltr'>a</span> <span class='ocrx_word' id='word_1_237' title='bbox 1078 3281 1211 3348; x_wconf 90' lang='lat' dir='ltr'>Platone</span> 
     </span>
     <span class='ocr_line' id='line_1_28' title="bbox 66 3376 1212 3470; baseline -0.006 -15"><span class='ocrx_word' id='word_1_238' title='bbox 66 3389 234 3468; x_wconf 83' lang='lat' dir='ltr'>viliusque</span> <span class='ocrx_word' id='word_1_239' title='bbox 257 3384 421 3468; x_wconf 81' lang='lat' dir='ltr'>descripta</span> <span class='ocrx_word' id='word_1_240' title='bbox 444 3383 496 3448; x_wconf 89' lang='lat' dir='ltr'>sit.</span> <span class='ocrx_word' id='word_1_241' title='bbox 542 3382 624 3448; x_wconf 93' lang='lat' dir='ltr'>Inde</span> <span class='ocrx_word' id='word_1_242' title='bbox 646 3383 720 3466; x_wconf 86' lang='lat' dir='ltr'>lego</span> <span class='ocrx_word' id='word_1_243' title='bbox 744 3376 803 3447; x_wconf 88' lang='grc' dir='ltr'><strong><em>οὐκ</em></strong></span> <span class='ocrx_word' id='word_1_244' title='bbox 828 3376 904 3447; x_wconf 81' lang='grc' dir='ltr'><strong><em>οἶδα</em></strong></span> <span class='ocrx_word' id='word_1_245' title='bbox 934 3381 966 3448; x_wconf 85' lang='grc' dir='ltr'><strong><em>εί</em></strong></span> <span class='ocrx_word' id='word_1_246' title='bbox 990 3407 1028 3447; x_wconf 92' lang='grc' dir='ltr'><strong><em>τι</em></strong></span> <span class='ocrx_word' id='word_1_247' title='bbox 1056 3383 1212 3470; x_wconf 83' lang='grc' dir='ltr'><strong><em>λαμπρό-</em></strong></span> 
     </span>
     <span class='ocr_line' id='line_1_29' title="bbox 65 3479 1211 3574; baseline -0.002 -20"><span class='ocrx_word' id='word_1_248' title='bbox 65 3514 176 3556; x_wconf 91' lang='grc' dir='ltr'><strong><em>τατον</em></strong></span> <span class='ocrx_word' id='word_1_249' title='bbox 199 3485 281 3552; x_wconf 82' lang='grc' dir='ltr'><strong><em>ἀλλο</em></strong></span> <span class='ocrx_word' id='word_1_250' title='bbox 312 3493 454 3571; x_wconf 86' lang='grc' dir='ltr'><strong><em>πρᾶγμα</em></strong></span> <span class='ocrx_word' id='word_1_251' title='bbox 486 3483 607 3552; x_wconf 87' lang='grc' dir='ltr'><strong><em>τούτου</em></strong></span> <span class='ocrx_word' id='word_1_252' title='bbox 636 3479 868 3571; x_wconf 79' lang='grc' dir='ltr'><strong><em>εὐτελέστερον</em></strong></span> <span class='ocrx_word' id='word_1_253' title='bbox 897 3485 1025 3574; x_wconf 80' lang='grc' dir='ltr'><strong><em>εἴρηται</em></strong></span> <span class='ocrx_word' id='word_1_254' title='bbox 1048 3489 1118 3551; x_wconf 87' lang='grc' dir='ltr'><strong><em>κτλ.</em></strong></span> <span class='ocrx_word' id='word_1_255' title='bbox 1167 3493 1211 3553; x_wconf 85' lang='grc' dir='ltr'><strong><em>ΕΙ</em></strong></span> 
     </span>
     <span class='ocr_line' id='line_1_30' title="bbox 62 3590 806 3679; baseline -0.012 -18"><span class='ocrx_word' id='word_1_256' title='bbox 62 3593 236 3679; x_wconf 86' lang='lat' dir='ltr'>quondam</span> <span class='ocrx_word' id='word_1_257' title='bbox 259 3592 344 3657; x_wconf 88' lang='lat' dir='ltr'>male</span> <span class='ocrx_word' id='word_1_258' title='bbox 367 3590 538 3675; x_wconf 89' lang='lat' dir='ltr'>repetitum</span> <span class='ocrx_word' id='word_1_259' title='bbox 561 3596 629 3656; x_wconf 87' lang='lat' dir='ltr'>erat</span> <span class='ocrx_word' id='word_1_260' title='bbox 652 3593 806 3654; x_wconf 85' lang='grc' dir='ltr'><strong><em>ΕΙΕΙΤΙ.</em></strong></span> 
     </span>
    </p>
   </div>
   <div class='ocr_carea' id='block_1_6' title="bbox 63 3739 1285 4350">
    <p class='ocr_par' dir='ltr' id='par_1_6' title="bbox 63 3739 1285 4350">
     <span class='ocr_line' id='line_1_31' title="bbox 157 3739 1211 3833; baseline -0.001 -24"><span class='ocrx_word' id='word_1_261' title='bbox 157 3771 190 3833; x_wconf 92' lang='lat' dir='ltr'><strong><em>p.</em></strong></span> <span class='ocrx_word' id='word_1_262' title='bbox 214 3749 325 3810; x_wconf 70' lang='lat' dir='ltr'>totta</span> <span class='ocrx_word' id='word_1_263' title='bbox 352 3739 476 3826; x_wconf 79' lang='grc' dir='ltr'><strong><em>Ἐιῖιμεν</em></strong></span> <span class='ocrx_word' id='word_1_264' title='bbox 497 3745 554 3808; x_wconf 87' lang='grc' dir='ltr'><strong><em>καί</em></strong></span> <span class='ocrx_word' id='word_1_265' title='bbox 577 3751 687 3809; x_wconf 85' lang='grc' dir='ltr'><strong><em>τοῦτο·</em></strong></span> <span class='ocrx_word' id='word_1_266' title='bbox 713 3750 785 3819; x_wconf 81' lang='grc' dir='ltr'><strong><em>πῶς</em></strong></span> <span class='ocrx_word' id='word_1_267' title='bbox 811 3743 848 3809; x_wconf 79' lang='grc' dir='ltr'><strong><em>δέ</em></strong></span> <span class='ocrx_word' id='word_1_268' title='bbox 872 3751 929 3830; x_wconf 76' lang='grc' dir='ltr'><strong><em>τῖγς</em></strong></span> <span class='ocrx_word' id='word_1_269' title='bbox 958 3745 1087 3828; x_wconf 84' lang='grc' dir='ltr'><strong><em>όωρεῖις</em></strong></span> <span class='ocrx_word' id='word_1_270' title='bbox 1110 3741 1211 3832; x_wconf 65' lang='grc' dir='ltr'><strong><em>αὐτῆς</em></strong></span> 
     </span>
     <span class='ocr_line' id='line_1_32' title="bbox 63 3842 1285 3934; baseline -0.005 -17"><span class='ocrx_word' id='word_1_271' title='bbox 63 3849 145 3918; x_wconf 69' lang='lat' dir='ltr'>cirre</span> <span class='ocrx_word' id='word_1_272' title='bbox 171 3847 209 3914; x_wconf 87' lang='grc' dir='ltr'><strong><em>τὸ</em></strong></span> <span class='ocrx_word' id='word_1_273' title='bbox 226 3852 384 3934; x_wconf 71' lang='grc' dir='ltr'><strong><em>μέγεθος,</em></strong></span> <span class='ocrx_word' id='word_1_274' title='bbox 413 3845 633 3929; x_wconf 79' lang='grc' dir='ltr'><strong><em>ἐξετάσωμεν.</em></strong></span> <span class='ocrx_word' id='word_1_275' title='bbox 680 3847 787 3913; x_wconf 82' lang='lat' dir='ltr'>Verba</span> <span class='ocrx_word' id='word_1_276' title='bbox 809 3853 867 3932; x_wconf 71' lang='grc' dir='ltr'><strong><em>τῆς</em></strong></span> <span class='ocrx_word' id='word_1_277' title='bbox 883 3847 1012 3931; x_wconf 87' lang='grc' dir='ltr'><strong><em>όωρεᾶς</em></strong></span> <span class='ocrx_word' id='word_1_278' title='bbox 1035 3842 1138 3934; x_wconf 72' lang='grc' dir='ltr'><strong><em>αὐτῆς</em></strong></span> <span class='ocrx_word' id='word_1_279' title='bbox 1159 3848 1211 3912; x_wconf 83' lang='lat' dir='ltr'><strong><em>ln·</em></strong></span> <span class='ocrx_word' id='word_1_280' title='bbox 1283 3853 1285 3858; x_wconf 85' lang='lat'>&#39;</span> 
     </span>
     <span class='ocr_line' id='line_1_33' title="bbox 63 3947 1208 4042; baseline -0.008 -19"><span class='ocrx_word' id='word_1_281' title='bbox 63 3966 144 4042; x_wconf 87' lang='lat' dir='ltr'>epta</span> <span class='ocrx_word' id='word_1_282' title='bbox 162 3959 249 4019; x_wconf 87' lang='lat' dir='ltr'>sunt.</span> <span class='ocrx_word' id='word_1_283' title='bbox 291 3950 434 4036; x_wconf 85' lang='lat' dir='ltr'>Respicit</span> <span class='ocrx_word' id='word_1_284' title='bbox 450 3950 534 4016; x_wconf 90' lang='lat' dir='ltr'>enim</span> <span class='ocrx_word' id='word_1_285' title='bbox 550 3948 726 4033; x_wconf 86' lang='lat' dir='ltr'>Dionysius</span> <span class='ocrx_word' id='word_1_286' title='bbox 741 3947 782 4012; x_wconf 88' lang='lat' dir='ltr'>ad</span> <span class='ocrx_word' id='word_1_287' title='bbox 799 3948 942 4014; x_wconf 88' lang='lat' dir='ltr'>Platonis</span> <span class='ocrx_word' id='word_1_288' title='bbox 958 3949 1057 4014; x_wconf 82' lang='lat' dir='ltr'>verbo</span> <span class='ocrx_word' id='word_1_289' title='bbox 1073 3950 1208 4032; x_wconf 70' lang='lat' dir='ltr'>(Mensa.</span> 
     </span>
     <span class='ocr_line' id='line_1_34' title="bbox 64 4039 1210 4146; baseline -0.004 -23"><span class='ocrx_word' id='word_1_290' title='bbox 64 4083 97 4146; x_wconf 89' lang='lat' dir='ltr'><strong><em>p.</em></strong></span> <span class='ocrx_word' id='word_1_291' title='bbox 119 4039 222 4130; x_wconf 31' lang='lat' dir='ltr'><strong><em>237⁶l⁴</em></strong></span> <span class='ocrx_word' id='word_1_292' title='bbox 239 4054 334 4120; x_wconf 91' lang='lat' dir='ltr'>modo</span> <span class='ocrx_word' id='word_1_293' title='bbox 362 4055 404 4137; x_wconf 85' lang='lat' dir='ltr'><strong><em>(p.</em></strong></span> <span class='ocrx_word' id='word_1_294' title='bbox 422 4055 556 4134; x_wconf 76' lang='lat' dir='ltr'>ldlicssl</span> <span class='ocrx_word' id='word_1_295' title='bbox 584 4052 718 4118; x_wconf 85' lang='lat' dir='ltr'>laudata</span> <span class='ocrx_word' id='word_1_296' title='bbox 739 4049 824 4138; x_wconf 77' lang='grc' dir='ltr'><strong><em>μόνη</em></strong></span> <span class='ocrx_word' id='word_1_297' title='bbox 849 4049 912 4137; x_wconf 85' lang='grc' dir='ltr'><strong><em>γὰρ</em></strong></span> <span class='ocrx_word' id='word_1_298' title='bbox 936 4049 973 4117; x_wconf 79' lang='grc' dir='ltr'><strong><em>έν</em></strong></span> <span class='ocrx_word' id='word_1_299' title='bbox 988 4059 1033 4136; x_wconf 81' lang='grc' dir='ltr'><strong><em>τῷ</em></strong></span> <span class='ocrx_word' id='word_1_300' title='bbox 1056 4049 1131 4117; x_wconf 88' lang='grc' dir='ltr'><strong><em>τότε</em></strong></span> <span class='ocrx_word' id='word_1_301' title='bbox 1155 4055 1210 4118; x_wconf 77' lang='grc' dir='ltr'><strong><em>καί</em></strong></span> 
     </span>
     <span class='ocr_line' id='line_1_35' title="bbox 67 4150 1210 4247; baseline -0.006 -20"><span class='ocrx_word' id='word_1_302' title='bbox 67 4161 187 4247; x_wconf 58' lang='grc' dir='ltr'><strong><em>πρώτῃ</em></strong></span> <span class='ocrx_word' id='word_1_303' title='bbox 226 4154 357 4243; x_wconf 75' lang='grc' dir='ltr'><strong><em>τροφὴν</em></strong></span> <span class='ocrx_word' id='word_1_304' title='bbox 387 4150 612 4239; x_wconf 69' lang='grc' dir='ltr'><strong><em>ἀνθρωπείαν</em></strong></span> <span class='ocrx_word' id='word_1_305' title='bbox 643 4150 791 4240; x_wconf 74' lang='grc' dir='ltr'><strong><em>ἤνεγκεν,</em></strong></span> <span class='ocrx_word' id='word_1_306' title='bbox 826 4152 885 4219; x_wconf 86' lang='grc' dir='ltr'><strong><em>τὸν</em></strong></span> <span class='ocrx_word' id='word_1_307' title='bbox 914 4161 980 4219; x_wconf 80' lang='grc' dir='ltr'><strong><em>τῶν</em></strong></span> <span class='ocrx_word' id='word_1_308' title='bbox 1009 4163 1127 4240; x_wconf 72' lang='grc' dir='ltr'><strong><em>παρεῖεν</em></strong></span> <span class='ocrx_word' id='word_1_309' title='bbox 1156 4159 1210 4221; x_wconf 77' lang='grc' dir='ltr'><strong><em>καὶ</em></strong></span> 
     </span>
     <span class='ocr_line' id='line_1_36' title="bbox 64 4257 1211 4350; baseline -0.005 -20"><span class='ocrx_word' id='word_1_310' title='bbox 64 4269 202 4350; x_wconf 76' lang='grc' dir='ltr'><strong><em>κριθῶν</em></strong></span> <span class='ocrx_word' id='word_1_311' title='bbox 225 4257 372 4341; x_wconf 80' lang='grc' dir='ltr'><strong><em>καρπόν.</em></strong></span> <span class='ocrx_word' id='word_1_312' title='bbox 420 4257 546 4323; x_wconf 91' lang='lat' dir='ltr'>Deinde</span> <span class='ocrx_word' id='word_1_313' title='bbox 569 4257 745 4334; x_wconf 75' lang='lat' dir='ltr'>examinat,</span> <span class='ocrx_word' id='word_1_314' title='bbox 778 4257 934 4339; x_wconf 91' lang='lat' dir='ltr'>quomodo</span> <span class='ocrx_word' id='word_1_315' title='bbox 957 4259 1211 4341; x_wconf 80' lang='lat' dir='ltr'>magnitudinem</span> 
     </span>
    </p>
   </div>
   <div class='ocr_carea' id='block_1_7' title="bbox 0 0 1496 4884">
    <p class='ocr_par' dir='ltr' id='par_1_7' title="bbox 0 0 1496 4884">
     <span class='ocr_line' id='line_1_37' title="bbox 0 0 1496 4884; baseline 0 2"><span class='ocrx_word' id='word_1_316' title='bbox 0 0 1496 4884; x_wconf 95' lang='lat' dir='ltr'><strong><em> </em></strong></span> 
     </span>
    </p>
   </div>
  </div>
 </body>
</html>
