2998 4896
258 353 301 416 σι
695 389 736 397 -
784 349 878 432 [eos]
927 387 965 398 .-

259 547 305 627 dt,
333 547 417 631 quod
443 546 528 629 apud
556 544 687 610 Suidam
714 545 818 628 ipsum
845 545 1044 608 decurtatum
1072 542 1190 625 legitur
1214 543 1305 626 χαΐα,
1330 534 1407 607 άντὶ

259 645 384 739 άγαθής
407 657 475 716 tum
494 649 609 732 Suidas
633 673 690 716 sua
713 657 824 736 sponte
843 650 969 714 addidit
988 648 1089 728 ἐστὶν,
1107 657 1144 714 ut
1163 651 1317 733 integram
1337 649 1408 714 effi-

261 768 347 824 ceret
369 760 570 824 sententiam.

346 865 383 928 ln
406 886 433 928 v.
464 865 525 930 109
551 855 807 928 ὀκταδάκτυλοι)
834 863 967 927 formam
991 883 1061 926 cum
1090 861 1188 928 Suida
1215 863 1410 928 Plauoriuus

258 977 380 1048 tuetur,
415 970 578 1036 Bentleius
611 969 813 1052 Aristophani
849 969 1026 1033 uindicauit
1057 968 1267 1052 probauitpuo
1303 969 1411 1032 Brun-

258 1077 359 1152 chius3
386 1077 554 1142 Elmsleius
577 1097 653 1141 uero
681 1076 722 1140 ad
745 1076 908 1158 Euripidis
932 1076 1074 1140 Medeam
1100 1077 1216 1160 (1150)
1247 1097 1316 1158 pag.
1340 1076 1410 1140 256

258 1189 290 1247 et
314 1183 489 1248 Lobeckius
513 1183 554 1248 ad
573 1181 787 1267 Phrynichum
810 1203 881 1265 pag.
900 1181 966 1246 415
986 1173 1249 1246 ὀκτωδάκτυλον
1271 1181 1410 1246 formam

257 1290 496 1373 praeferendam
520 1311 588 1354 esse
612 1289 679 1352 iure
702 1295 900 1353 monuerunt.
943 1289 979 1352 Iu
1003 1309 1029 1353 v.
1053 1289 1115 1353 113
1139 1288 1255 1353 Suidae
1277 1279 1364 1372 χρεῖ’
1389 1276 1410 1371 ᾗ

258 1396 298 1460 ad
319 1418 425 1461 ueram
444 1398 631 1479 scripturam
650 1395 751 1480 χρείη,
775 1417 868 1478 quarn
888 1395 1028 1460 restituit
1047 1395 1207 1460 Dawesius
1218 1397 1253 1480 ¹),
1276 1397 1410 1478 propius

258 1502 381 1566 accedit
403 1523 498 1584 quam
519 1495 581 1588 χρὴ
604 1494 625 1587 ἢ
649 1501 711 1564 Ιλῑῖ.

346 1608 384 1673 In
407 1630 433 1672 v.
452 1609 517 1672 229
537 1601 669 1672 άντινῶ
688 1609 803 1672 codicis
824 1610 851 1670 A
870 1606 996 1684 Suidae,
1015 1608 1098 1692 quod
1118 1607 1200 1672 idem
1220 1607 1289 1672 sine
1307 1607 1410 1672 dubio

257 1713 336 1778 latet
364 1717 394 1777 iu
419 1707 529 1778 riccard
552 1714 695 1778 codicum
717 1713 814 1790 VBE,
838 1715 891 1777 uix
915 1714 1157 1797 praeferendum
1185 1720 1234 1778 est
1256 1713 1304 1778 ar
1326 1706 1410 1778 άνα-

257 1827 354 1884 τενῶ.
401 1821 563 1886 Eiusmodi
588 1819 813 1884 enimiormee
837 1827 1026 1905 syncopatae
1050 1842 1113 1884 non
1133 1829 1301 1886 occurrunt
1319 1824 1410 1905 apud

260 1926 502 2009 Aristophanem
525 1925 586 1990 nisi
611 1925 745 1991 Acharn.
770 1927 833 1990 766
859 1920 1026 2005 ἄντεινον,
1055 1927 1118 1991 796
1143 1919 1410 2012 άμπεπαρμένον

258 2038 290 2096 et
313 2032 444 2115 Lysistr.
471 2033 532 2096 106
552 2024 775 2115 άμπτάμενος,
797 2032 852 2096 ubi
877 2033 1013 2098 comicus
1036 2033 1172 2098 dialecto
1191 2035 1308 2100 Dorica
1331 2057 1411 2100 usus

258 2145 316 2215 est,
334 2138 411 2202 Rau.
433 2139 532 2202 1477:
555 2139 605 2214 τίς
624 2132 726 2216 οἶδεν,
746 2131 832 2203 εἰτὸ
852 2144 911 2224 ζῆν
929 2137 990 2222 μέν
1010 2137 1079 2204 ἐστι
1097 2147 1293 2220 κατθανεῖν,
1312 2164 1408 2224 quem

259 2266 384 2310 uersum
407 2244 558 2327 parodiae
582 2264 678 2308 causa
696 2247 831 2309 comicus
850 2267 888 2308 ex
907 2245 1069 2329 Euripidis
1088 2245 1220 2329 Polyido
1243 2253 1410 2312 mutuatus

258 2359 315 2426 est,
339 2351 408 2415 Pac
431 2373 458 2414 v.
485 2352 568 2414 1299
593 2346 774 2427 κάλλιπον,
797 2352 851 2433 qui
875 2358 923 2415 est
945 2372 1056 2417 uersus
1079 2352 1259 2417 Archilochi
1284 2354 1410 2437 (Bergk

258 2457 349 2540 frgm.
372 2458 422 2543 6);
449 2456 549 2540 [apud
573 2455 808 2533 Pherecratem,
837 2456 899 2521 iah.
922 2456 1031 2524 incert.
1055 2457 1165 2541 fragm.
1190 2459 1281 2522 XXII
1305 2460 1408 2543 (apud

259 2563 450 2629 Meiuekium
484 2562 529 2638 ΙΙ,
558 2563 651 2642 347),
686 2563 804 2646 legitur
835 2557 977 2648 άγχασκε
997 2590 1005 2628 :
1024 2556 1101 2629 άντὶ
1132 2571 1195 2628 τοῦ
1226 2557 1408 2648 άνάχασκε.

259 2660 350 2734 οὕτω
373 2663 582 2754 Φερεκράτης
591 2669 618 2754 ¹)
641 2675 674 2732 et
696 2670 728 2732 in
749 2670 909 2753 Amipsiae
929 2669 1069 2736 Moechis
1091 2673 1190 2755 (apud
1211 2670 1407 2736 Meinekium

258 2775 299 2852 ΙΙ,
324 2777 403 2860 706)
426 2765 630 2858 καββαλάιν]

346 2883 502 2947 Versuum
534 2881 599 2945 264
632 2881 697 2946 265
734 2881 848 2946 Suidus
880 2904 903 2947 s.
931 2883 972 2965 gl.
1005 2884 1165 2948 Πακτοῦν
1199 2904 1261 2948 nou
1294 2885 1410 2951 laudat

257 2988 318 3052 nisi
337 2987 416 3052 haec
433 2987 532 3052 uerba
546 2987 778 3070 Aristophaneo
796 2992 947 3071 propicior
966 2981 1007 3053 τὰ
1026 2986 1220 3076 προπύλαια
1238 3000 1408 3070 πακτοῦν,

257 3116 333 3177 quo,
356 3095 410 3176 qui
433 3093 550 3158 Suidae
574 3095 704 3157 nimium
728 3094 849 3158 tribuat
873 3097 1086 3174 auctoritatis,
1110 3095 1288 3161 confirmari
1313 3097 1409 3162 facito

256 3206 348 3283 putet
371 3201 582 3264 coniecturam
604 3197 746 3282 Remigii,
769 3201 822 3283 qui
846 3223 904 3282 pro
922 3205 1095 3284 μοχλοῖσιν
1114 3202 1150 3266 δὲ
1169 3205 1224 3266 καὶ
1243 3200 1408 3287 κλῄθροι-

257 3321 311 3369 σιν
335 3305 382 3369 R¹¹
403 3303 498 3370 scribi
521 3304 625 3368 uoluit
647 3297 824 3391 κλῄθροισι
849 3300 882 3370 d'
905 3295 943 3370 εὖ
965 3309 1023 3372 καὶ
1044 3311 1202 3392 μοχλοῖσι.

346 3411 383 3474 In
406 3433 433 3474 v.
458 3411 523 3475 840
545 3412 630 3494 quod
657 3412 770 3475 ultima
796 3413 896 3476 uerba
918 3415 974 3478 καὶ
1002 3419 1112 3494 φιλεῖν
1136 3416 1192 3478 καὶ
1219 3407 1263 3501 μὴ
1291 3420 1407 3496 φιλεῖν

257 3517 343 3602 apud
361 3515 491 3581 Suidam
514 3538 577 3581 nou
601 3516 749 3601 leguntur
767 3557 810 3566 -
829 3519 969 3584 citantur
987 3527 1093 3585 autem
1111 3521 1252 3586 continui
1270 3543 1318 3585 vv.
1338 3525 1405 3586 839

128 3627 133 3634 “
260 3625 325 3689 840
349 3623 409 3687 841
447 3661 487 3670 -
520 3622 580 3687 hoc
605 3625 686 3688 mire
714 3625 871 3690 consentit
898 3647 967 3691 cum
996 3627 1116 3692 scholio
1143 3627 1218 3692 huic
1249 3628 1319 3692 loco
1347 3629 1407 3693 ad-

258 3730 379 3794 iuncto:
416 3731 700 3814 ιιαραλογίζεσθαι
735 3733 791 3795 καὶ
824 3723 865 3795 τά
896 3728 1030 3810 τούτοις
1062 3731 1367 3799 ἐπακολουθοῦντα
1376 3739 1405 3820 ³)

256 3827 345 3921 πλὴν
368 3825 419 3900 ὦν
438 3832 708 3919 σννωμοσάμεθα
730 3830 774 3923 μὴ
798 3841 957 3922 ποιεῖν4),
979 3839 1133 3904 τουτέστι
1157 3836 1405 3921 συνουσιάζειν;

256 3946 390 4025 apparet
417 3943 499 4005 enim
531 3964 609 4006 uoce
641 3945 925 4027 παραλογίζεσθαι
958 3945 1109 4029 explicari
1143 3942 1405 4031 ἐξηπιροπι-άειν

330 4121 349 4182 ¹)
369 4116 569 4174 Μίιυα11.οι11.
589 4135 633 4187 pg.
654 4120 714 4173 ¹271.

329 4207 350 4268 Ι)
368 4207 487 4260 Behker.
517 4207 660 4261 Auecdotu
679 4224 723 4275 pg.
742 4208 804 4273 340,
823 4209 866 4262 22.

329 4293 349 4357 ⁸)
370 4295 418 4347 καὶ
437 4289 472 4347 τά
490 4289 594 4363 ταύτην
613 4298 891 4364 παρακολουθοῦντα
910 4298 995 4352 schol.
1014 4299 1067 4353 Rh-

330 4381 351 4446 ⁴)
370 4377 417 4434 ἐπὶ
438 4385 486 4450 τῆς
505 4378 618 4446 κύλικος
637 4383 762 4438 additum
781 4390 824 4438 est
842 4387 916 4452 apud
935 4388 1055 4443 Suidam.
