3006 4892
731 334 945 396 ,76-

270 529 454 606 sequantur,
480 522 544 587 ism
561 521 726 606 Forbiger,
752 520 869 588 deinde
885 519 1007 586 Pollius
1022 539 1060 586 ac
1075 519 1302 584 Neumsnnnss
1316 517 1405 583 ride-

271 633 355 690 runt.
379 625 547 707 Nimirum,
562 624 638 709 qnia
653 625 719 689 nisu
732 624 863 689 tremata
875 645 1022 688 concussa
1033 623 1217 687 cachinnent
1228 631 1258 686 et
1268 621 1409 686 lacunis

270 728 362 792 satsa's
384 737 537 793 umectent
558 751 615 792 ora
634 749 801 814 penesque,
819 747 883 793 non
902 736 1069 811 pereant
1090 726 1263 813 primordia
1283 745 1405 792 vrorum.

271 830 503 897 Gravissimum
527 838 634 896 autem
657 830 738 896 illud
754 837 815 910 est,
840 830 924 915 quod
939 833 1066 896 olo-8
1086 829 1251 896 adomnia
1266 829 1408 895 omnium

270 953 374 1000 rernm
398 932 574 1019 primordia
607 934 733 1000 valent:
759 935 834 998 919.
853 937 894 998 90
910 933 952 1000 ad
976 932 1172 1018 animalium
1194 939 1319 999 tantum
1343 933 1411 1018 pri·
1492 946 1497 963 ¹

270 1036 395 1103 mordis
416 1036 512 1120 idque
535 1037 707 1107 honrinum.
732 1073 777 1085 -

714 1140 754 1217 V,
782 1141 960 1205 1390-96.

271 1243 370 1308 Recte
393 1243 470 1308 mihi
494 1242 620 1308 videtur
633 1241 845 1310 Neumannns
870 1243 1059 1310 contendere
1076 1243 1113 1323 V,
1138 1245 1285 1308 1392—(5
1309 1265 1411 1328 prave
1492 1232 1501 1281 '³

271 1347 313 1410 ab
336 1345 563 1430 interpolatore
585 1345 738 1430 repetitos
761 1365 833 1412 esse
856 1367 896 1412 ex
919 1347 961 1424 ll,
981 1349 1107 1410 29-33
1130 1346 1259 1413 mutatis
1283 1353 1411 1413 tantum

270 1448 438 1513 verborum
466 1449 672 1534 temporibus.
719 1448 850 1515 Minime
876 1449 960 1516 enim
988 1449 1020 1514 bi
1051 1469 1174 1524 versus,
1206 1450 1323 1533 quibus
1348 1456 1413 1516 La-

271 1551 388 1616 cretius
411 1550 574 1617 hominnm
598 1551 729 1619 modicis
752 1554 847 1619 rebus
870 1559 1087 1620 contentorum
1111 1552 1246 1620 delicias
1268 1553 1409 1639 elingit,

271 1673 352 1736 arrae
375 1660 481 1720 tamen
504 1654 676 1739 descriptio
689 1654 795 1740 ipsam
812 1656 1021 1722 Lucretianse
1037 1656 1155 1722 aetatis
1170 1657 1290 1722 cultum
1308 1659 1411 1743 sapit,

271 1755 303 1819 in
327 1753 490 1822 bominum
518 1757 644 1823 illorum
674 1759 887 1841 antiquorum,
916 1757 970 1840 qui
993 1757 1090 1824 limen
1112 1757 1239 1824 demum
1262 1760 1414 1826 cultioris

269 1858 355 1924 vitae
367 1858 506 1942 ingressi
518 1866 603 1937 sunt,
617 1859 834 1944 voluptatibus
845 1859 1067 1926 describendis
1078 1861 1308 1927 accommodati
1320 1871 1411 1928 sunt.

269 1962 316 2026 Ac
339 1961 503 2047 probabile
525 1962 603 2027 mibi
625 1961 752 2028 videtur
781 1963 877 2028 etiam
901 1983 952 2028 vv.
981 1965 1073 2028 1390.
1101 1968 1112 2026 1
1140 1963 1298 2030 insiticios
1321 1985 1410 2032 esse.

269 2061 444 2129 Offendunt
465 2071 561 2142 certe,
587 2064 616 2130 si
638 2063 680 2130 ad
706 2069 799 2130 1401.
826 2067 844 2127 t
868 2065 1061 2150 respexeris.
1087 2103 1129 2112 -

728 2167 781 2250 vl,
808 2171 945 2232 ner-4.

354 2269 421 2334 Hcs
450 2287 561 2336 versus
589 2289 629 2336 ex
654 2271 710 2346 IV,
740 2274 876 2336 lto-3
910 2270 993 2338 salso
1026 2270 1176 2355 repetitos
1210 2291 1283 2338 esse
1321 2273 1410 2339 idem

268 2371 477 2437 Nenmannns
501 2380 587 2439 recte
616 2374 780 2457 probavit,
814 2393 884 2440 cum
914 2393 976 2440 vox
1005 2395 1075 2438 eam
1102 2374 1135 2439 in
1158 2393 1252 2441 versu
1277 2379 1343 2439 255
1368 2377 1410 2442 sd

266 2472 348 2539 illud
372 2483 436 2538 tam
458 2474 491 2539 in
515 2479 577 2540 250
600 2477 760 2560 pertinere
781 2477 1005 2543 intellexisset.
1053 2477 1136 2544 Nam
1166 2478 1193 2544 si
1220 2477 1266 2543 illi
1291 2499 1412 2545 versus

267 2576 477 2660 intercedunt,
503 2579 663 2662 particula
686 2588 751 2644 tam
773 2581 862 2646 nullo
885 2579 979 2647 modo
1001 2587 1107 2666 potest
1129 2578 1287 2665 intellegi.
1313 2621 1361 2630 -

730 2684 785 2764 VI,
812 2685 885 2749 228.
912 2687 943 2748 9.

369 2785 497 2848 Transit
518 2785 599 2849 eninr
622 2786 761 2850 calidam
772 2787 904 2871 fulmen
920 2809 982 2869 per
1003 2795 1113 2870 saepta
1134 2788 1306 2866 clamorum,

364 2887 482 2951 clamor
503 2896 539 2952 nt
560 2911 597 2952 aa
620 2909 718 2966 vaces,
745 2890 859 2954 transit
875 2911 938 2972 per
959 2913 1036 2954 sana
1053 2913 1116 2974 per
1136 2913 1220 2956 aera.

268 2987 335 3054 llos
357 3008 479 3070 versus,
506 2989 559 3072 qui
583 3010 701 3074 magna
723 3012 763 3056 ex
786 2998 876 3076 parte
899 3012 940 3058 ex
963 2993 1108 3058 versibus
1130 2993 1154 3073 1,
1181 2995 1253 3057 489.
1281 2996 1323 3058 90

366 3093 480 3157 transit
502 3094 583 3157 enim
595 3095 727 3178 satanan
749 3091 834 3158 caeti
845 3117 908 3177 per
929 3103 1040 3178 saepta
1062 3097 1232 3174 domama,

365 3196 806 3268 cameracenae...

267 3296 392 3379 repetiti
416 3303 499 3376 sunt,
525 3297 751 3364 Lachmannus
773 3300 820 3366 sic
841 3299 875 3364 in
897 3319 995 3364 unum
1018 3299 1194 3366 contraxit:

366 3401 480 3464 transit
502 3402 582 3465 enim
605 3403 743 3466 salmam
755 3402 888 3487 srctmen
904 3425 967 3486 per
988 3425 1077 3480 sara,
1097 3425 1159 3486 per
1181 3423 1266 3467 aera.

268 3501 365 3566 »Nam
388 3523 490 3586 neque
513 3503 677 3570 domorum
701 3513 837 3590 saepta«,
863 3505 977 3588 inquit,
1005 3512 1084 3570 »tam
1107 3504 1189 3570 dura
1211 3512 1285 3570 sunt
1308 3513 1346 3570 nt
1370 3527 1410 3574 ea

267 3603 392 3669 fulmini
416 3625 479 3670 non
500 3607 656 3673 obsistere
678 3608 856 3674 mirandam
873 3609 925 3688 sit,
950 3629 1055 3692 neque
1078 3608 1138 3676 boc
1161 3627 1201 3674 ea
1222 3609 1340 3674 transit
1364 3610 1411 3675 ita

267 3713 302 3771 ut
324 3707 444 3773 clamor
466 3727 504 3774 ac
526 3729 633 3792 voces,
660 3710 718 3776 sed
738 3712 928 3795 plerumque
951 3711 1051 3778 laedit
1072 3719 1105 3777 et
1127 3719 1162 3777 ut
1177 3710 1268 3777 modo
1286 3711 1410 3778 dictam

267 3815 316 3873 est
345 3809 492 3876 accendit
521 3817 553 3876 et
581 3811 615 3878 in
644 3812 777 3878 sedibus
806 3813 1009 3880 dominatur«
1044 3817 1143 3898 (bill.
1198 3812 1289 3892 Quae
1317 3823 1412 3881 recte

266 3911 430 3996 disputata
459 3931 531 3979 esse
558 3933 651 3980 nemo
679 3917 821 4000 negabit.
882 3917 946 3984 Sed
976 3917 1060 3983 duae
1088 3924 1161 3983 sant
1190 3937 1316 3999 causae,
1352 3937 1414 3984 cnr

267 4034 327 4098 ego
349 4014 477 4097 quidem
501 4035 542 4082 ne
564 4024 670 4084 cetera
691 4020 819 4101 quidem
836 4021 970 4086 verbaa
992 4029 1089 4106 poeta
1111 4021 1229 4106 scripta
1251 4038 1322 4086 esse
1346 4041 1412 4105 pn-

267 4124 341 4182 tem.
374 4118 455 4184 lnde
477 4119 561 4184 enim
584 4123 682 4185 a219
698 4121 739 4188 de
762 4122 908 4189 fulminis
929 4129 1045 4190 natura
1060 4124 1261 4209 expositurus
1275 4123 1410 4206 igneam

267 4239 338 4285 eam
362 4240 434 4287 esse
457 4220 668 4288 demonstrat:
703 4229 729 4287 1.
756 4223 816 4291 boc
838 4225 996 4292 declarari
1020 4227 1098 4293 locis
1122 4228 1185 4293 ictu
1208 4227 1322 4292 inustis
1346 4247 1411 4292 no-
