3010 4896
513 363 556 373 -
601 323 698 408 [123]
747 363 790 373 -
1175 321 1216 386 er

98 525 158 586 ante
173 541 279 586 omnes
302 520 531 598 reccidissent,
553 521 633 587 adeo
657 542 718 586 non
742 520 880 586 tenuisse
902 518 1054 584 memoria
1075 539 1126 583 res
1148 517 1219 582 illas

97 627 247 693 rendmile
274 631 334 703 est,
361 633 398 692 ut
425 626 551 712 Lysiam
577 633 763 711 paterentur
789 647 841 693 res
868 626 1047 692 notissimae
1074 645 1220 708 perverse

96 755 209 800 narrare
223 739 256 799 et
269 733 411 799 consulto
425 733 633 818 perturbare?
661 733 767 800 Sensit
780 734 840 800 hoc
854 731 1115 799 Stedeieldtus
1132 731 1219 798 ideo·

97 863 146 926 que
166 840 307 925 probatis
326 843 486 926 ceteroqui
506 840 609 907 Grotii
631 839 826 924 argumentis
844 839 970 924 Lysiam
987 843 1097 922 aperte
1114 858 1220 905 rerum

95 948 222 1014 ordinem
240 953 418 1032 pervertere
435 953 531 1032 negat
548 969 650 1032 neque
667 955 775 1013 tamen
793 948 915 1012 sincero
933 943 1038 1010 animo
1053 964 1130 1010 vera
1147 967 1220 1030 pro-

95 1055 165 1121 ierre
178 1055 320 1122 concedit
333 1057 389 1122 scd
408 1055 455 1121 ita
472 1055 578 1139 potius
592 1055 759 1138 disponere
773 1055 888 1130 omnia,
901 1073 982 1138 quae
1000 1052 1074 1116 iude
1093 1071 1113 1116 a
1131 1053 1220 1118 clade

95 1161 296 1247 Hellespontia
317 1183 416 1248 usque
439 1162 481 1228 ad
507 1161 639 1245 triginta
662 1161 801 1226 virorum
824 1161 1019 1226 dominatum
1046 1158 1130 1225 facta
1153 1181 1220 1225 esse

94 1275 201 1346 narret,
232 1275 269 1334 ut
300 1291 379 1354 quae
406 1274 493 1346 anta,
524 1289 605 1351 quae
636 1276 708 1353 post
735 1273 844 1352 captas
871 1266 1013 1332 Athenas
1039 1265 1220 1344 acciderint,

92 1397 234 1460 nusquam
251 1381 372 1442 certum
394 1375 436 1442 sit
454 1381 486 1442 et
508 1375 682 1441 indubium.
719 1376 807 1455 „Qua
824 1395 868 1451 re,
893 1374 985 1440 addit
1008 1373 1220 1440 Stedeieldtus

92 1505 117 1564 p.
137 1482 181 1560 15,
199 1505 280 1566 quae
298 1484 433 1549 voluerit
451 1481 586 1560 efficere,
605 1482 697 1548 facile
717 1481 920 1566 intellegitur.
955 1479 1027 1546 Non
1045 1481 1146 1546 solum
1163 1480 1221 1544 tri·

92 1590 170 1672 ginta
187 1591 326 1656 virorum
339 1589 518 1656 dominatus
532 1593 564 1654 et
578 1609 685 1654 eorum
699 1610 780 1672 quae
793 1588 868 1654 inde
882 1588 1036 1672 originem
1048 1591 1222 1663 traxerunt,

92 1695 234 1761 malornm
261 1697 386 1780 culpam
417 1697 450 1761 iu
476 1696 701 1762 Theramenem
730 1702 763 1760 et
789 1693 964 1780 Agoratum
992 1694 1114 1760 studuit
1145 1714 1220 1759 con-

92 1801 172 1881 ierre,
198 1804 374 1870 sedetiam
399 1803 640 1888 ignominiosam
666 1803 755 1868 illam
782 1823 891 1886 pacem
913 1801 965 1867 die
988 1805 1076 1866 sexto
1100 1800 1221 1866 decimo

92 1908 301 1994 Munychionis
336 1911 539 1994 compositam
579 1911 756 1976 insontibus
791 1911 837 1976 eis
877 1929 941 1974 nou
975 1907 1043 1974 sine
1078 1907 1222 1972 veritatIs

94 2018 186 2100 specie
209 2013 287 2082 vitio
309 2023 432 2083 vertere
455 2024 585 2084 conatus
608 2023 682 2084 est“
693 2019 719 2105 ¹)

169 2123 215 2188 Λα
233 2122 362 2189 Grotius
384 2125 516 2190 insidias
538 2123 608 2190 illae
630 2131 704 2209 post
726 2145 836 2208 parem
858 2127 986 2207 paratas
1008 2141 1076 2188 esse
1099 2120 1221 2186 elucere

90 2233 174 2310 putat
200 2249 218 2294 e
240 2229 354 2313 Lysiae
381 2231 450 2315 ipsa
476 2231 667 2297 narratione.
716 2231 827 2314 Lycius
854 2231 937 2296 enim
964 2251 1034 2294 cum
1062 2227 1155 2304 XIII,
1179 2225 1221 2290 25

90 2335 263 2420 priusquam
280 2336 321 2402 de
342 2359 419 2422 pace
436 2345 566 2422 accepta
587 2337 743 2422 loquatur,
761 2336 893 2415 Niciam,
911 2335 1121 2412 Nicomedem,
1143 2333 1222 2400 aiios

90 2463 175 2508 nares
202 2444 282 2510 duas
311 2440 386 2530 (δύο
413 2445 531 2532 πλοῖα)
559 2450 687 2529 paratas
714 2444 862 2511 habuisse
888 2449 1010 2520 narret,
1042 2441 1155 2526 quibus
1186 2446 1223 2506 ut

91 2547 242 2632 effugeret,
260 2551 362 2616 donec
377 2572 429 2616 res
448 2552 592 2634 publicae
611 2553 824 2636 pervenissent
841 2551 883 2616 ad
900 2551 1046 2616 meliores
1064 2549 1222 2614 condicio-

91 2675 141 2720 nes
162 2653 238 2742 (ἕως
259 2647 302 2722 τὰ
324 2653 500 2743 πράγματα
523 2658 731 2746 κατασταίη),
754 2657 894 2742 Agorato
921 2656 1110 2740 persuadere
1133 2655 1222 2721 volu·

92 2760 192 2828 imant:
215 2764 341 2847 quaerit
364 2764 503 2841 Grotius,
525 2765 681 2848 quomodo
700 2765 875 2850 Aguratum
898 2763 1104 2848 effugiturum
1126 2761 1223 2827 fuisse

92 2869 216 2952 cogitari
244 2873 386 2954 potuerit
408 2892 446 2936 eo
473 2877 628 2954 tempore,
655 2892 717 2957 quo
743 2893 822 2956 pace
844 2871 984 2937 nondum
1007 2871 1091 2937 iacta
1117 2889 1224 2936 omnes

91 2981 191 3056 portus
213 2977 351 3044 inclusos
373 2976 527 3044 haberent
544 2977 785 3046 Lacedaemonii
807 2999 950 3062 quaeque
972 2979 1129 3044 sententia
1150 2997 1221 3042 ver-

91 3079 135 3146 bis
156 3078 217 3160 ίως
238 3074 281 3149 τὰ
304 3079 482 3170 πράγματα
503 3087 687 3173 κατασταίη
709 3084 852 3152 subiecta
874 3086 925 3179 sit,
952 3084 979 3150 si
1002 3088 1142 3168 tempore
1166 3083 1222 3149 de-

90 3187 233 3256 ditionem
259 3191 361 3276 ipsam
393 3191 594 3274 praecedenti
620 3192 706 3258 iacta
732 3191 955 3275 cogitarentur.
965 3193 992 3278 ¹)
1041 3191 1160 3257 Verum
1186 3194 1224 3255 ut

90 3293 126 3356 ab
151 3297 298 3362 extremis
325 3298 451 3363 initium
478 3299 613 3382 capiam,
639 3300 735 3365 verba
762 3295 826 3377 ἕως
851 3289 895 3364 τὰ
921 3294 1098 3384 πράγματα
1123 3319 1223 3363 κατα-

90 3403 179 3489 σταίη
205 3403 410 3470 offensionem
436 3425 499 3470 non
526 3405 652 3472 habent
697 3407 838 3490 Agorato
866 3406 949 3472 enim
976 3403 1086 3489 Lysias
1114 3409 1224 3469 narrat

89 3505 166 3574 viros
187 3513 339 3594 quosdam
362 3517 399 3576 ut
420 3511 573 3596 effugeret
595 3513 784 3597 persuadere
806 3517 935 3579 conatos
957 3531 1037 3588 esse,
1060 3531 1130 3576 aum
1153 3531 1224 3576 eum

88 3633 236 3682 murnum
271 3618 306 3682 in
336 3617 510 3702 periculum
545 3626 712 3685 venturum
743 3640 811 3686 esse
846 3624 997 3703 putarent
1031 3617 1224 3702 insidiasque

88 3717 295 3868 denumerare
320 3724 401 3790 strui
428 3725 579 3792 riderent
633 3727 828 3794 Persuadere
858 3725 957 3811 igitur
983 3726 1150 3790 voluerunt
1176 3724 1223 3790 illi

174 3937 192 4002 ¹)
210 3936 313 3992 uonna
330 3937 530 3994 Stedeieldtum
548 3937 759 4008 disputauerunt
772 3937 1029 4004 Raucheneteiuiue,
1049 3936 1094 3994 cui
1112 3936 1162 3993 illc
1179 3952 1222 3994 re·

88 4021 220 4086 spondit
211 4041 240 4078 m
259 4024 359 4081 Philol.
379 4025 481 4093 XXIX,
501 4033 530 4082 ct
548 4027 699 4084 Rennerus.

173 4111 193 4178 ¹)
211 4114 276 4170 VIII
294 4133 321 4185 p
341 4117 376 4171 26
394 4115 508 4172 Resides
529 4116 590 4172 ίισια
614 4117 697 4172 could
715 4117 857 4187 Aporatcs
879 4118 910 4174 de
932 4117 1068 4186 coaceyed
1086 4116 1152 4172 with
1171 4121 1224 4172 two

88 4199 180 4254 rurale
201 4209 250 4258 oct
272 4205 306 4271 of
326 4203 494 4274 Monychia,
522 4206 601 4261 when
623 4206 666 4261 tte
687 4207 811 4261 torbace
833 4223 891 4262 ecce
914 4205 1010 4276 τῑσττίη
1033 4204 1143 4260 Μασίστα
1164 4203 1224 4274 up?

88 4285 146 4338 ead
163 4289 276 4347 whate'e
297 4293 342 4348 the
358 4295 489 4364 maisy
507 4295 542 4363 os
560 4288 614 4358 dor
632 4289 667 4348 τὰ
687 4288 841 4367 πράγματα
864 4293 1030 4364 κατασταίη,
1053 4293 1177 4362 referred
1194 4299 1223 4350 to

89 4388 105 4424 ο
124 4385 238 4434 meent
249 4381 312 4450 joae
329 4381 420 4452 desae
437 4382 481 4439 tte
497 4382 668 4441 meatim?
