2994 4890
519 393 564 402 -
611 358 695 440 [ror]
741 393 785 405 -

537 640 672 723 caput
697 642 770 711 ΠΙ,

349 785 392 840 lte
411 785 548 856 Dionysii
567 786 731 855 examplari
750 786 942 856 Thucydidis·

174 923 370 990 Posteriores
393 925 564 1010 scriptores
587 925 616 990 si
631 924 758 1008 quando
773 932 915 990 vetorum
937 926 1024 992 locos
1040 927 1222 1012 exscripse-

86 1031 170 1104 runt,
203 1024 294 1090 libris
317 1045 415 1111 saepe
437 1045 512 1092 usos
534 1045 607 1093 esse
629 1047 692 1092 non
715 1028 815 1093 multo
838 1028 1021 1095 melioribus
1044 1049 1140 1112 quam
1167 1031 1222 1111 qui

86 1127 130 1190 ad
160 1134 300 1193 nostram
330 1148 431 1212 usque
459 1137 597 1196 aetatem
631 1130 801 1215 propagati
835 1137 959 1212 esseut,
996 1150 1221 1215 nonnunquam

85 1232 185 1296 etiam
215 1231 393 1316 peioribus,
427 1232 547 1299 dudum
576 1234 773 1300 intellectum
796 1241 856 1299 est.
904 1234 968 1300 Sed
991 1255 1031 1300 cx
1061 1235 1142 1318 ipsis
1171 1235 1223 1302 bis

85 1334 177 1416 locis,
207 1337 320 1418 quales
342 1337 429 1422 apud
452 1338 644 1421 posteriores
667 1345 804 1418 exstant,
840 1339 987 1420 quamvis
1009 1358 1130 1424 paucas
1153 1359 1222 1404 eer-

84 1445 137 1502 tas
168 1445 275 1504 tamen
305 1440 545 1506 emendationes
575 1440 751 1518 lucramur,
784 1462 858 1506 nam
882 1442 943 1507 etsi
973 1447 1038 1506 tam
1061 1447 1223 1506 auctorum

85 1562 182 1623 quam
207 1543 333 1608 testium
357 1544 430 1609 libri
453 1564 511 1628 per
532 1551 579 1610 tot
600 1545 811 1629 corruptionis
826 1545 946 1628 gradus
962 1546 1116 1630 plurimas
1132 1546 1224 1612 labes

86 1647 260 1728 traxerint,
294 1667 517 1731 nonnunquam
545 1656 652 1715 tamen
675 1649 799 1728 evenit,
831 1655 884 1728 nt,
919 1651 1057 1733 quaein
1081 1656 1222 1716 veterum

85 1749 251 1817 podicibus
267 1771 435 1838 perperam
453 1753 611 1837 legantur,
637 1753 671 1818 in
693 1753 904 1837 posteriorum
927 1761 984 1820 aut
1006 1753 1131 1836 integra
1154 1773 1223 1818 ser-

86 1860 202 1919 uentur
217 1862 272 1920 aut
286 1853 331 1920 ita
346 1862 542 1941 comparata,
570 1861 605 1920 ut
620 1856 731 1920 vibam
755 1855 844 1921 facili
867 1855 995 1940 negotio
1016 1855 1085 1921 tolli
1108 1856 1220 1940 possit.

86 1957 180 2034 Quod
210 1977 273 2040 quo
302 1958 433 2043 saepius
462 1959 513 2040 lit,
548 1979 586 2024 eo
609 1959 758 2025 maiorem
789 1959 883 2024 fidem
915 1960 1080 2044 exemplar
1101 1959 1224 2041 antiqui

86 2060 238 2141 auctoris,
264 2080 326 2148 quo
348 2060 508 2127 inferioris
531 2063 603 2126 aevi
630 2061 763 2147 scriptor
786 2081 863 2126 usus
886 2069 951 2136 est,
985 2061 1046 2126 sibi
1069 2061 1220 2141 vindicat,

87 2169 117 2227 et
145 2183 188 2227 ex
217 2162 344 2230 diverso
374 2165 491 2230 veteris
526 2165 690 2250 scriptoris
720 2165 820 2231 codex
853 2165 882 2230 is
912 2185 1046 2247 quocum
1085 2165 1222 2230 maxime

87 2265 169 2330 illud
200 2268 361 2350 congruit,
395 2288 413 2333 e
436 2269 632 2335 recensionis
660 2275 820 2335 vetustate
849 2290 966 2335 novam
995 2289 1221 2350 nonnunquam

86 2371 309 2437 auctoritatem
332 2372 456 2456 recipit.

174 2475 212 2537 In
247 2474 304 2539 tali
337 2477 523 2558 quaestione
556 2476 707 2558 quoniam
740 2476 950 2560 posteriorum
991 2484 1154 2542 auctorum
1193 2477 1223 2540 ci

88 2576 220 2641 maximi
244 2578 395 2642 momenti
419 2585 503 2661 sunt,
530 2581 583 2662 qui
607 2601 701 2662 quam
726 2581 869 2664 proxime
884 2601 905 2645 a
919 2580 1079 2645 veteribus
1094 2579 1220 2661 absunt,

89 2681 128 2743 ll.
155 2681 319 2764 Sauppius
342 2701 400 2747 suo
422 2683 491 2748 iure
513 2683 702 2768 Dionysium
725 2684 841 2767 elegit,
876 2690 910 2748 ut
936 2684 1039 2768 primo
1061 2682 1125 2747 iam
1148 2688 1225 2748 ante

88 2783 250 2848 Christum
274 2791 382 2850 natum
407 2785 534 2851 saeculo
558 2786 738 2852 Aristotelis
761 2787 859 2852 libros
882 2806 984 2868 aeque
1012 2793 1107 2868 atque
1129 2784 1225 2850 hodie

87 2886 285 2970 depravatos
307 2888 408 2955 fuisse
430 2888 665 2956 demonstraret
673 2893 709 2974 ¹).

176 2993 244 3056 Hoc
266 3010 327 3074 ego
349 2991 408 3056 viri
431 2991 608 3058 doctissimi
638 2995 821 3077 exemplum
849 2999 992 3074 secutus,
1026 3012 1097 3058 eum
1120 2992 1225 3056 Hero-

88 3091 183 3158 dotus
205 3094 414 3179 Thucydides
440 3097 598 3162 Isocrates
620 3097 711 3162 Plato
733 3095 966 3162 Demosthenes
996 3097 1109 3178 quales
1137 3095 1225 3179 apud

89 3195 282 3279 Dionysium
299 3199 458 3280 leguntur,
482 3200 619 3265 similem
636 3200 802 3265 materiam
819 3198 1004 3282 disputandi
1021 3198 1220 3283 praeberent,

88 3297 135 3362 de
150 3299 295 3385 Dionysii
311 3302 485 3386 exemplari
500 3303 702 3388 Tbucydidio
717 3323 869 3386 quaerere
884 3302 1016 3384 institui,
1043 3323 1114 3367 cum
1129 3322 1225 3386 prae-

88 3403 199 3468 sertim
215 3402 256 3470 de
271 3404 472 3490 Thucydidis
494 3406 585 3471 libris
600 3406 745 3489 qaeestio
767 3405 922 3471 adfinem
946 3425 1046 3488 usquc
1069 3405 1225 3490 perducta

88 3525 155 3570 non
173 3515 269 3573 esset.
317 3509 378 3574 liic
400 3529 463 3572 uon
479 3529 599 3587 vereor,
625 3509 761 3591 nequis
783 3515 904 3573 temere
926 3529 978 3574 mc
993 3507 1098 3574 facere
1121 3515 1221 3593 putet,

89 3609 177 3691 quod
198 3611 267 3676 solo
289 3611 358 3676 fere
381 3611 591 3676 Ambrosiano
613 3612 703 3677 nisus
725 3649 769 3659 -
796 3631 834 3676 co
862 3609 946 3675 enim
970 3611 1098 3695 plurimi
1124 3611 1182 3676 loci
1207 3631 1225 3675 e

88 3713 279 3798 Thucydide
295 3713 416 3780 laudati
432 3714 633 3780 continentur
646 3753 689 3762 —
705 3714 787 3781 hanc
802 3714 1020 3796 quaestionem
1038 3713 1222 3798 suscipiam.

90 3816 324 3882 Ambrosianus
339 3816 423 3882 enirn
438 3816 583 3882 familiae
599 3836 678 3884 snae
693 3817 831 3900 optimus
846 3823 896 3882 cst
910 3817 1003 3882 testis
1022 3823 1055 3883 et
1069 3816 1227 3899 antiquis-

91 3918 208 3996 simns3
233 3939 327 4002 quem
350 3920 378 3984 si
398 3919 499 3984 solum
519 3919 720 3999 adhibemus,
746 3927 779 3986 et
793 3919 968 4004 simplicior
984 3920 1018 3986 lit
1033 3919 1101 3985 veri
1117 3918 1227 4000 cogni-

89 4021 139 4086 tio
161 4041 228 4100 nec,
255 4023 282 4087 si
306 4021 433 4105 quando
455 4029 565 4088 contra
587 4042 658 4088 eum
683 4023 779 4088 ceteri
802 4023 873 4087 libri
889 4043 998 4087 verum
1015 4021 1222 4100 servaverint,

166 4195 182 4255 1)
201 4193 402 4258 „Nachriehten
421 4193 471 4248 der
488 4193 692 4263 Koeniglicben
711 4191 899 4248 Gesellscbalt
917 4193 967 4247 der
979 4191 1066 4248 Wiss.
1087 4211 1121 4248 au
1140 4191 1227 4246 Goet-

90 4279 200 4345 lingeu‘
219 4283 284 4333 1863
303 4297 330 4349 p.
346 4283 420 4344 diem
441 4279 478 4335 el.
498 4297 525 4350 p.
540 4283 583 4333 46,
