3034 4896
627 338 820 400 ..9.-

157 526 319 604 XXXIII,
346 527 409 589 436
432 527 515 608 sqq.)
542 525 753 608 sagacissime
782 523 905 606 docuit,
931 525 1021 588 cuiue
1046 525 1152 589 verbis
1178 544 1238 606 ego
1261 523 1294 588 id

156 650 256 694 unum
285 629 385 710 addo,
419 649 469 694 me
498 629 601 695 iudice
631 629 868 714 interpolatoris
898 649 1027 713 operam
1056 628 1292 712 agnoscendam

156 753 241 798 csse.
288 734 369 798 Item
392 753 444 798 vv.
469 734 513 814 11,
539 737 660 798 478.9

289 837 372 922 quod
392 838 538 922 quoniam
560 837 662 916 docui,
683 861 816 923 pereum
839 847 995 902 conectere
1017 860 1083 900 rem
1106 861 1185 922 quoe

291 965 329 1004 erc
349 941 406 1005 hcc
429 951 505 1025 opta
514 943 618 1027 fldem
640 945 746 1025 ducat,
767 941 947 1025 primordia
970 963 1074 1005 rerum

159 1065 223 1110 nou
246 1066 266 1110 a
291 1046 438 1112 Lucretio
461 1065 502 1111 ex
525 1051 599 1109 522.
626 1049 645 1110 3
674 1047 824 1131 repetitos
854 1065 926 1112 csse
956 1046 1041 1110 infra
1069 1045 1132 1130 (pg.
1164 1049 1205 1108 22
1229 1050 1289 1129 sq.)

158 1149 313 1232 probabo.
354 1149 524 1216 Praeterea
545 1149 775 1215 attendendum
798 1157 848 1215 est
867 1149 1022 1215 eiusmodi
1040 1149 1183 1213 formulis
1199 1150 1296 1216 abso-

158 1253 245 1317 lutas
268 1253 444 1318 sententias
467 1274 530 1318 non
552 1254 708 1319 contineri
732 1274 835 1336 neque
851 1253 926 1337 poni
943 1253 1017 1318 illes
1033 1273 1128 1337 posse
1144 1252 1207 1317 nisi
1224 1274 1294 1318 cum

157 1356 233 1422 aiiis
256 1356 361 1422 verbis
384 1357 568 1423 coniunctas
590 1359 642 1424 vel
666 1357 707 1422 ad
730 1358 795 1422 alia
817 1358 946 1422 relatas.

248 1461 388 1527 Medium
412 1462 503 1544 quasi
527 1462 611 1528 inter
633 1463 798 1528 verborum
815 1467 847 1526 et
862 1461 1100 1527 cohaerentium
1116 1462 1294 1528 sententia-

159 1585 231 1629 rum
253 1565 440 1631 iterationes
464 1567 567 1631 iocum
592 1573 702 1632 tenent
724 1586 793 1645 cae,
820 1585 903 1647 quae
926 1573 1030 1631 certas
1053 1566 1199 1630 notiones
1222 1567 1296 1650 plu-

159 1669 249 1733 ribus
283 1669 389 1734 verbis
421 1689 594 1752 expressas
628 1675 787 1753 repetunt.
841 1668 932 1746 Quae
967 1669 995 1734 si
1032 1669 1064 1733 in
1096 1669 1295 1735 Lucretianis

158 1772 356 1862 carminibus
371 1773 417 1837 ita
433 1779 571 1849 exstent,
589 1779 624 1838 ut
640 1773 671 1838 in
689 1773 919 1838 sententiarum
936 1773 1197 1855 consequentiam
1212 1774 1294 1839 bene

158 1875 288 1957 cadant,
307 1876 480 1960 suspicioni
503 1876 625 1941 nullum
643 1877 746 1942 locum
763 1895 836 1942 csse
851 1877 1080 1942 confitebimur.
1120 1879 1295 1961 Exspectes

158 1985 286 2061 autem,
319 1979 347 2044 si
375 1988 492 2045 certam
523 1981 681 2046 notionem
705 1979 827 2045 eisdem
850 1981 956 2046 verbis
980 1987 1122 2064 repetere
1146 1981 1293 2064 voluerit,

158 2089 290 2167 pectam
312 2103 353 2148 nc
373 2083 522 2150 minimas
545 2083 676 2166 quidem
698 2085 891 2150 mutationes
915 2105 1023 2151 eorum
1047 2083 1172 2150 fecisse.

250 2186 372 2264 Quibus
395 2187 550 2273 expositis
573 2188 628 2252 rix
650 2208 730 2273 opus
753 2195 803 2252 est
830 2208 975 2268 monere,
1010 2188 1037 2253 si
1068 2188 1154 2273 apud
1177 2189 1296 2253 Lucre-

158 2290 242 2355 tium
265 2297 350 2355 totae
374 2292 552 2356 sentcntiae
573 2291 708 2357 iteratae
732 2292 810 2371 sint,
836 2289 870 2355 id
892 2291 1021 2357 minime
1052 2313 1122 2356 cum
1150 2311 1187 2356 eo
1210 2313 1297 2356 com·

159 2393 272 2480 parari
295 2413 400 2479 posse,
427 2393 511 2478 quod
534 2394 703 2460 Homerica
725 2395 878 2473 carmina,
904 2395 1004 2460 sicubi
1028 2395 1140 2460 eadem
1162 2415 1214 2460 res
1236 2395 1298 2460 ite-

161 2519 234 2564 rum
257 2497 418 2564 narranda
439 2505 504 2578 est,
539 2497 660 2563 eisdem
691 2498 796 2564 verbis
826 2505 967 2563 utuntur.
1015 2498 1122 2576 Quare
1145 2499 1199 2565 ubi
1221 2519 1297 2565 eac-

157 2601 236 2666 dcm
259 2602 435 2668 sententiae
458 2600 580 2667 eisdem
601 2602 708 2668 verbis
729 2601 936 2684 consignatae
952 2602 985 2666 in
1001 2602 1195 2666 carminibus
1210 2601 1297 2666 illius

158 2712 341 2786 occurrant,
367 2725 423 2771 cas
445 2713 572 2790 poetam
595 2712 651 2771 aut
673 2711 779 2771 mente
796 2727 835 2771 ac
852 2705 984 2771 consitio
999 2704 1145 2790 posuisse
1162 2711 1217 2770 ant
1232 2704 1297 2771 for-

158 2809 245 2875 tuita
266 2828 366 2874 causa
387 2817 505 2874 motum
529 2807 697 2875 admisisse
720 2808 914 2893 putabimus.
954 2809 1066 2891 Neque
1089 2829 1164 2874 vcro
1182 2810 1298 2874 multos

159 2915 252 2978 iocos
267 2912 448 2996 indagabis,
468 2914 582 2995 quibus
598 2919 718 2979 certum
735 2912 895 2995 quoddam
912 2912 1078 2978 consilium
1094 2919 1222 2997 poetam
1237 2911 1298 2977 ha-

157 3014 272 3082 buisse
294 3015 414 3100 fingere
437 3016 543 3082 liccat.

250 3226 294 3289 At
315 3223 478 3290 Hailicrus
505 3223 640 3290 coniecit
662 3223 842 3289 Lucretium
871 3223 905 3287 in
934 3219 1155 3288 iterationibus
1179 3222 1299 3308 Empe-

159 3327 292 3394 doclem
315 3326 471 3393 imitatum
489 3348 572 3394 csse.
611 3327 652 3393 Et
666 3328 775 3392 insunt
790 3325 877 3392 baud
892 3348 997 3410 pauca
1019 3327 1134 3392 iterata
1156 3327 1188 3390 in
1212 3324 1299 3409 frag-

159 3431 521 3516 mentisEmpcdoclcis.
537 3430 602 3497 Sed
610 3451 650 3496 ca
657 3451 698 3496 ex
706 3429 934 3496 consuetudine
941 3428 1145 3514 Empedoclis
1154 3429 1297 3512 fluxisse,

159 3555 231 3620 qua
245 3534 417 3600 Homerum
434 3533 633 3619 potissimum
651 3540 780 3599 secutus
796 3533 847 3613 sit,
872 3539 907 3597 ut
922 3553 1100 3598 sermonem
1116 3533 1206 3616 cpico
1221 3553 1301 3615 quo-

159 3639 240 3703 dam
264 3639 369 3704 colore
392 3639 561 3722 tingueret,
588 3638 683 3704 facile
706 3658 746 3702 ex
769 3636 830 3702 huc
852 3637 1020 3703 iteratione
1043 3637 1259 3720 cognoscitur:

212 3745 301 3826 104¹)
324 3741 358 3806 ἐκ
375 3739 504 3808 τούτων
523 3737 585 3826 γὰρ
602 3735 709 3806 πάνθ’
729 3734 791 3804 ὅσα
809 3734 834 3803 τ’
855 3730 893 3827 ἦν
908 3735 972 3804 ὅσα
989 3734 1014 3802 τ’
1034 3738 1296 3822 detractiones,

322 3839 541 3930 ὃέσόρεάτ’
561 3842 743 3931 ἐβλάστησε
760 3837 993 3928 κσὶάσέρες
1018 3837 1087 3928 ἠδὲ
1110 3854 1302 3926 γυναῖκες

323 3953 447 4036 θῆρές
462 3943 487 4012 τ’
507 3947 656 4014 οἰωνοί
671 3971 710 4013 τε
726 3941 1163 4031 καὶὺὄατσθρέμμσσες
1184 3945 1302 4027 ἰχθῦς

323 4056 394 4115 καί
422 4075 464 4116 τε
494 4053 592 4116 θεοὶ
615 4051 891 4133 caraxaturas
914 4055 1058 4135 τιμῇσι
1085 4053 1299 4135 φέριστοι.

237 4280 254 4340 ¹)
275 4293 377 4348 sequor
395 4276 494 4332 Stcinii
513 4291 650 4330 numeros.
