3010 4896
544 389 588 400 -
635 351 731 436 [157]
780 389 821 402 -
1215 355 1255 420 13
1358 369 1361 377 «

198 545 318 629 Vespas
340 565 425 622 nan,
447 546 536 611 cuius
559 545 686 612 fabulae
708 549 912 613 nouissimam
935 548 1107 613 editionem
1130 551 1258 632 parauit

106 650 141 714 R
166 651 202 716 B.
226 652 376 734 Hirsehig
402 653 554 718 adiuncta
576 675 659 718 noua
682 654 795 720 Veneti
819 655 988 720 collatione
1011 655 1194 733 Cobetiana,
1218 677 1257 721 ne

105 759 184 824 huic
214 759 392 842 quaestioni
424 761 613 838 subiectam,
646 769 836 827 monuerunt
867 783 918 826 me
950 761 1076 828 Valseni
1086 764 1112 848 ¹)
1143 763 1256 828 uerba:

106 866 217 942 ‚aaa
240 867 349 946 finden
371 867 436 931 aaa
460 867 508 932 bei
531 868 681 952 Hiracbip
704 869 754 932 die
780 869 1083 950 handscbristiirtcn
1110 870 1257 952 capoten

107 995 149 1037 aa
173 973 206 1037 R
229 975 430 1038 secuudum
447 974 711 1040 Iaveratsium
729 976 797 1040 und
815 977 1016 1040 secuudum
1034 975 1255 1054 Bostarem,

107 1081 180 1144 aad
201 1099 243 1146 aa
268 1081 299 1145 V
316 1081 518 1145 secuudum
541 1081 748 1146 Betderam
770 1083 840 1147 aad
857 1083 1054 1147 seeundum
1076 1081 1256 1148 Oobetam.

114 1187 218 1252 Werm
245 1187 329 1252 dara
356 1187 434 1251 acob
462 1189 513 1251 cia
542 1188 617 1252 oder
643 1209 705 1270 par
731 1190 808 1253 awai
836 1191 1039 1255 secundum
1065 1189 1192 1269 bdowa,
1222 1210 1257 1255 so

107 1295 243 1358 sairdar
263 1294 447 1378 diejeaipen,
472 1295 584 1360 welche
604 1295 670 1359 sich
686 1297 744 1360 aa
763 1297 819 1360 der
835 1295 933 1360 irruit
952 1297 1006 1360 das
1024 1295 1257 1377 Aristophanes

107 1400 268 1480 desumat,
295 1406 358 1465 erst
385 1401 470 1466 recht
496 1402 581 1466 aicbt
607 1403 739 1481 wissen,
773 1421 842 1466 was
871 1404 904 1466 ia
930 1403 991 1467 deu
1017 1402 1258 1483 baadscbritiou

107 1547 153 1556 -
201 1547 244 1558 —
268 1509 351 1573 dean
378 1509 541 1592 eipeatbcb
567 1509 624 1590 fiir
651 1510 788 1574 iescam
816 1509 1103 1574 mnatasindr‘
1128 1509 1258 1575 -Eae

107 1621 218 1680 antem
246 1616 443 1690 collationes,
472 1616 585 1700 quibus
613 1616 664 1680 uel
692 1615 841 1681 minimae
863 1616 1004 1681 codicum
1029 1616 1259 1700 discrepantiae

107 1723 348 1799 contineantur,
376 1743 470 1806 quem
499 1723 692 1788 necessariae
721 1728 901 1807 quantoque
928 1723 1000 1788 usui
1027 1724 1091 1787 sint
1112 1723 1153 1786 ad
1177 1724 1259 1788 teies

108 1830 314 1914 quaestiones
332 1851 403 1895 cum
421 1829 528 1913 atiquo
548 1829 654 1895 fructu
670 1829 977 1913 instituendusque
995 1830 1149 1914 perspexi,
1172 1837 1258 1913 post

108 1957 210 2019 quam
242 1957 322 2019 quae
350 1935 503 2001 Albertus
535 1937 574 2002 de
605 1936 764 2020 Bamberg
794 1936 834 2001 de
861 1935 1046 2001 Rauennate
1077 1941 1110 2001 et
1136 1936 1258 2002 Veneto

108 2043 335 2126 Aristophanis
359 2043 520 2110 codicibus
543 2043 669 2127 Lipsiae
690 2042 775 2108 1865
794 2043 887 2109 docte
904 2065 943 2108 ae
962 2043 1107 2108 sollerter
1124 2044 1259 2128 scripsit,

107 2149 248 2234 perlegi;
280 2151 396 2216 etenim
427 2156 476 2216 tot
509 2151 540 2216 in
569 2151 630 2216 hnc
657 2151 765 2216 libello
793 2155 960 2216 occurrunt
987 2149 1099 2228 falsae,
1130 2153 1156 2215 si
1188 2172 1258 2214 cnm

110 2257 240 2322 Velseni
260 2257 428 2324 collatione
446 2258 688 2342 comparaueris,
710 2258 870 2334 lectiones,
892 2277 972 2340 quas
990 2259 1031 2322 ad
1051 2257 1257 2341 comproban-

108 2365 187 2429 dam
220 2386 309 2428 suam
341 2366 381 2429 de
412 2365 537 2430 illorum
565 2366 709 2430 codicum
740 2367 842 2448 pretio
871 2371 902 2429 et
930 2365 970 2428 de
997 2363 1118 2447 origine
1146 2363 1259 2429 Veneti

108 2472 303 2536 sententiam
326 2471 495 2537 artificiose
519 2474 729 2556 excogitatam
752 2472 900 2556 protulit,
927 2477 963 2535 ut
986 2470 1119 2536 imbrem
1142 2472 1174 2535 in
1197 2472 1258 2534 ori-

109 2579 207 2642 brum
234 2577 338 2660 legere
367 2578 442 2642 inihi
472 2579 611 2655 uiderer,
641 2580 666 2643 si
694 2579 800 2662 plures
831 2600 925 2660 qnam
953 2577 1010 2642 has
1038 2584 1104 2643 tres
1136 2575 1260 2641 fabulas

108 2685 189 2750 iruic
211 2684 424 2768 disquisitioni
446 2685 630 2752 subieram

578 2935 789 2948 —u--n-u*

471 3157 667 3226 LIBER
697 3156 913 3226 PRIOR.

524 3343 661 3409 CAPVT
683 3341 858 3408 PRIMVM.

651 3506 724 3586 §tt

205 3647 311 3730 Atque
332 3653 370 3710 ut
392 3645 432 3710 ab
457 3645 662 3730 Equitibus
685 3647 803 3723 ordiar,
825 3646 941 3710 citatur
964 3645 1043 3711 baec
1064 3643 1173 3711 fabula
1194 3667 1261 3710 om·

110 3757 204 3819 nium
232 3754 427 3837 saepissime,
455 3754 532 3819 locis
555 3754 634 3831 469,
657 3775 830 3836 uersasque
853 3775 892 3818 ex
915 3773 953 3818 ee
975 3753 1153 3836 deprompti
1176 3752 1261 3836 apud

111 3862 248 3928 Snidarn
269 3861 419 3944 leguntur
441 3859 521 3937 sot,
549 3867 584 3924 ut
606 3859 676 3945 plus
699 3862 796 3926 tertia
818 3865 908 3943 parte
929 3859 1059 3924 tabulae
1081 3859 1122 3924 ab
1145 3879 1182 3925 eo
1205 3859 1261 3923 ad-

110 3974 279 4035 seruatum
300 3968 351 4033 sit.
397 3967 467 4045 Qua
488 3967 521 4030 in
540 3967 707 4032 tractanda
728 3965 873 4031 libellum
894 3965 1026 4030 adhibui
1049 3967 1261 4032 academicum

111 4074 277 4158 Rudolphi
300 4073 448 4139 Schneci:
472 4074 511 4139 de
531 4073 753 4156 Aristophanis
772 4073 934 4138 codicibus
951 4073 1057 4156 capita
1074 4073 1138 4138 duo
1156 4071 1261 4156 (Halis

115 4183 237 4266 1876),
272 4181 362 4245 cuins
388 4180 492 4263 capite
523 4181 643 4264 priore·
662 4181 696 4246 in
730 4181 912 4264 Equitibns,
948 4181 1052 4262 capito
1086 4179 1261 4262 posteriore

191 4413 212 4463 't
231 4409 362 4478 Phitciog
384 4406 475 4472 XXIV
494 4427 530 4479 ug
558 4411 615 4464 129.
