<?xml version="1.0" encoding="UTF-8"?>
<!DOCTYPE html PUBLIC "-//W3C//DTD XHTML 1.0 Transitional//EN"
    "http://www.w3.org/TR/xhtml1/DTD/xhtml1-transitional.dtd">
<html xmlns="http://www.w3.org/1999/xhtml" xml:lang="en" lang="en">
 <head>
  <title>
</title>
<meta http-equiv="Content-Type" content="text/html;charset=utf-8" />
  <meta name='ocr-system' content='tesseract 3.04.00' />
  <meta name='ocr-capabilities' content='ocr_page ocr_carea ocr_par ocr_line ocrx_word'/>
</head>
<body>
  <div class='ocr_page' id='page_1' title='image "./dissertationesp02unkngoog/dissertationesp02unkngoog_0466.png"; bbox 0 0 3034 4896; ppageno 0'>
   <div class='ocr_carea' id='block_1_1' title="bbox 553 339 768 400">
    <p class='ocr_par' dir='ltr' id='par_1_1' title="bbox 553 339 768 400">
     <span class='ocr_line' id='line_1_1' title="bbox 553 339 768 400; baseline 0.005 -16"><span class='ocrx_word' id='word_1_1' title='bbox 553 339 768 400; x_wconf 76' lang='lat'>-43-</span> 
     </span>
    </p>
   </div>
   <div class='ocr_carea' id='block_1_2' title="bbox 91 522 1229 817">
    <p class='ocr_par' dir='ltr' id='par_1_2' title="bbox 91 522 1229 817">
     <span class='ocr_line' id='line_1_2' title="bbox 94 522 1227 611; baseline 0.004 -24"><span class='ocrx_word' id='word_1_2' title='bbox 94 523 121 587; x_wconf 93' lang='lat' dir='ltr'>si</span> <span class='ocrx_word' id='word_1_3' title='bbox 145 522 273 589; x_wconf 90' lang='lat' dir='ltr'>omuino</span> <span class='ocrx_word' id='word_1_4' title='bbox 288 545 309 588; x_wconf 88' lang='lat' dir='ltr'>a</span> <span class='ocrx_word' id='word_1_5' title='bbox 324 523 472 590; x_wconf 87' lang='lat' dir='ltr'>Lucretio</span> <span class='ocrx_word' id='word_1_6' title='bbox 495 525 620 590; x_wconf 83' lang='lat' dir='ltr'>oriundi</span> <span class='ocrx_word' id='word_1_7' title='bbox 636 531 720 605; x_wconf 90' lang='lat' dir='ltr'>sunt,</span> <span class='ocrx_word' id='word_1_8' title='bbox 747 532 820 611; x_wconf 90' lang='lat' dir='ltr'>post</span> <span class='ocrx_word' id='word_1_9' title='bbox 843 527 905 590; x_wconf 85' lang='grc'>305</span> <span class='ocrx_word' id='word_1_10' title='bbox 928 526 1084 611; x_wconf 82' lang='lat' dir='ltr'>ponendi3</span> <span class='ocrx_word' id='word_1_11' title='bbox 1112 525 1227 592; x_wconf 86' lang='lat' dir='ltr'>deinde</span> 
     </span>
     <span class='ocr_line' id='line_1_3' title="bbox 91 625 1229 714; baseline 0.004 -24"><span class='ocrx_word' id='word_1_12' title='bbox 91 625 314 692; x_wconf 79' lang='lat' dir='ltr'><strong>desideramus</strong></span> <span class='ocrx_word' id='word_1_13' title='bbox 336 625 503 711; x_wconf 80' lang='lat' dir='ltr'><strong>quaedam,</strong></span> <span class='ocrx_word' id='word_1_14' title='bbox 530 628 645 712; x_wconf 90' lang='lat' dir='ltr'>quibus</span> <span class='ocrx_word' id='word_1_15' title='bbox 667 629 707 694; x_wconf 92' lang='lat' dir='ltr'>de</span> <span class='ocrx_word' id='word_1_16' title='bbox 722 636 826 695; x_wconf 86' lang='lat' dir='ltr'>terrae</span> <span class='ocrx_word' id='word_1_17' title='bbox 841 629 940 695; x_wconf 89' lang='lat' dir='ltr'>totius</span> <span class='ocrx_word' id='word_1_18' title='bbox 955 629 1045 696; x_wconf 84' lang='lat' dir='ltr'>cneio</span> <span class='ocrx_word' id='word_1_19' title='bbox 1061 629 1229 714; x_wconf 83' lang='lat' dir='ltr'>oppositae</span> 
     </span>
     <span class='ocr_line' id='line_1_4' title="bbox 91 730 1225 817; baseline 0.004 -23"><span class='ocrx_word' id='word_1_20' title='bbox 91 730 285 796; x_wconf 76' lang='lat' dir='ltr'><strong>mortalitate</strong></span> <span class='ocrx_word' id='word_1_21' title='bbox 304 730 424 797; x_wconf 91' lang='lat' dir='ltr'>dictum</span> <span class='ocrx_word' id='word_1_22' title='bbox 440 731 492 797; x_wconf 85' lang='lat' dir='ltr'>sit.</span> <span class='ocrx_word' id='word_1_23' title='bbox 526 730 649 809; x_wconf 86' lang='lat' dir='ltr'><strong>Quibus</strong></span> <span class='ocrx_word' id='word_1_24' title='bbox 663 733 831 817; x_wconf 81' lang='lat' dir='ltr'>perpensis</span> <span class='ocrx_word' id='word_1_25' title='bbox 848 732 953 798; x_wconf 83' lang='lat' dir='ltr'>iacere</span> <span class='ocrx_word' id='word_1_26' title='bbox 973 733 1027 798; x_wconf 84' lang='lat' dir='ltr'>vix</span> <span class='ocrx_word' id='word_1_27' title='bbox 1043 751 1225 817; x_wconf 85' lang='lat' dir='ltr'>possumus,</span> 
     </span>
    </p>
   </div>
   <div class='ocr_carea' id='block_1_3' title="bbox 91 833 1230 2259">
    <p class='ocr_par' dir='ltr' id='par_1_3' title="bbox 91 833 1230 1330">
     <span class='ocr_line' id='line_1_5' title="bbox 92 833 1227 920; baseline 0.003 -24"><span class='ocrx_word' id='word_1_28' title='bbox 92 833 169 915; x_wconf 89' lang='lat' dir='ltr'>quin</span> <span class='ocrx_word' id='word_1_29' title='bbox 194 835 377 899; x_wconf 85' lang='grc'>261-305</span> <span class='ocrx_word' id='word_1_30' title='bbox 400 840 514 920; x_wconf 87' lang='lat' dir='ltr'>poetae</span> <span class='ocrx_word' id='word_1_31' title='bbox 536 853 599 900; x_wconf 90' lang='lat' dir='ltr'>non</span> <span class='ocrx_word' id='word_1_32' title='bbox 623 855 695 901; x_wconf 88' lang='lat' dir='ltr'>csse</span> <span class='ocrx_word' id='word_1_33' title='bbox 717 843 911 913; x_wconf 80' lang='lat' dir='ltr'><strong>statuamus,</strong></span> <span class='ocrx_word' id='word_1_34' title='bbox 944 855 1016 902; x_wconf 91' lang='lat' dir='ltr'>cum</span> <span class='ocrx_word' id='word_1_35' title='bbox 1039 836 1227 920; x_wconf 87' lang='lat' dir='ltr'>praesertim</span> 
     </span>
     <span class='ocr_line' id='line_1_6' title="bbox 91 935 1230 1022; baseline 0.002 -22"><span class='ocrx_word' id='word_1_36' title='bbox 91 935 238 1002; x_wconf 82' lang='lat' dir='ltr'>versibus</span> <span class='ocrx_word' id='word_1_37' title='bbox 260 938 423 1002; x_wconf 80' lang='grc'>213-80</span> <span class='ocrx_word' id='word_1_38' title='bbox 450 936 565 1004; x_wconf 90' lang='lat' dir='ltr'>deletis</span> <span class='ocrx_word' id='word_1_39' title='bbox 587 956 652 1018; x_wconf 85' lang='lat' dir='ltr'>eos,</span> <span class='ocrx_word' id='word_1_40' title='bbox 683 938 717 1004; x_wconf 93' lang='lat' dir='ltr'>in</span> <span class='ocrx_word' id='word_1_41' title='bbox 747 937 862 1022; x_wconf 85' lang='lat' dir='ltr'>quibus</span> <span class='ocrx_word' id='word_1_42' title='bbox 891 937 931 1003; x_wconf 91' lang='lat' dir='ltr'>de</span> <span class='ocrx_word' id='word_1_43' title='bbox 959 937 1086 1004; x_wconf 84' lang='lat' dir='ltr'>mortali</span> <span class='ocrx_word' id='word_1_44' title='bbox 1115 945 1230 1004; x_wconf 88' lang='lat' dir='ltr'>natura</span> 
     </span>
     <span class='ocr_line' id='line_1_7' title="bbox 93 1038 1224 1125; baseline 0.001 -21"><span class='ocrx_word' id='word_1_45' title='bbox 93 1058 199 1122; x_wconf 84' lang='lat' dir='ltr'>aquae</span> <span class='ocrx_word' id='word_1_46' title='bbox 222 1044 253 1105; x_wconf 92' lang='lat' dir='ltr'>et</span> <span class='ocrx_word' id='word_1_47' title='bbox 274 1039 360 1123; x_wconf 86' lang='lat' dir='ltr'>ignis</span> <span class='ocrx_word' id='word_1_48' title='bbox 382 1047 507 1125; x_wconf 79' lang='lat' dir='ltr'>agutur,</span> <span class='ocrx_word' id='word_1_49' title='bbox 534 1038 689 1107; x_wconf 88' lang='lat' dir='ltr'>delendos</span> <span class='ocrx_word' id='word_1_50' title='bbox 713 1061 785 1107; x_wconf 89' lang='lat' dir='ltr'>esse</span> <span class='ocrx_word' id='word_1_51' title='bbox 808 1048 974 1123; x_wconf 86' lang='lat' dir='ltr'>sequatur:</span> <span class='ocrx_word' id='word_1_52' title='bbox 1006 1061 1080 1106; x_wconf 88' lang='lat' dir='ltr'>nam</span> <span class='ocrx_word' id='word_1_53' title='bbox 1104 1040 1144 1108; x_wconf 88' lang='lat' dir='ltr'>de</span> <span class='ocrx_word' id='word_1_54' title='bbox 1167 1041 1224 1122; x_wconf 88' lang='lat' dir='ltr'>eis,</span> 
     </span>
     <span class='ocr_line' id='line_1_8' title="bbox 91 1141 1229 1229; baseline 0.002 -23"><span class='ocrx_word' id='word_1_55' title='bbox 91 1143 124 1206; x_wconf 91' lang='lat' dir='ltr'>in</span> <span class='ocrx_word' id='word_1_56' title='bbox 148 1141 265 1224; x_wconf 90' lang='lat' dir='ltr'>quibus</span> <span class='ocrx_word' id='word_1_57' title='bbox 288 1141 435 1210; x_wconf 82' lang='lat' dir='ltr'>deterre</span> <span class='ocrx_word' id='word_1_58' title='bbox 457 1144 572 1226; x_wconf 82' lang='lat' dir='ltr'>agitur,</span> <span class='ocrx_word' id='word_1_59' title='bbox 599 1143 694 1229; x_wconf 84' lang='lat' dir='ltr'>paulo</span> <span class='ocrx_word' id='word_1_60' title='bbox 716 1144 810 1211; x_wconf 86' lang='lat' dir='ltr'>aliter</span> <span class='ocrx_word' id='word_1_61' title='bbox 831 1142 1035 1210; x_wconf 89' lang='lat' dir='ltr'>statuendum</span> <span class='ocrx_word' id='word_1_62' title='bbox 1061 1163 1132 1211; x_wconf 89' lang='lat' dir='ltr'>esse</span> <span class='ocrx_word' id='word_1_63' title='bbox 1155 1163 1229 1210; x_wconf 89' lang='lat' dir='ltr'>mox</span> 
     </span>
     <span class='ocr_line' id='line_1_9' title="bbox 92 1245 272 1330; baseline -0.006 -20"><span class='ocrx_word' id='word_1_64' title='bbox 92 1245 272 1330; x_wconf 78' lang='lat' dir='ltr'>apparebit.</span> 
     </span>
    </p>

    <p class='ocr_par' dir='ltr' id='par_1_4' title="bbox 92 1347 1229 1742">
     <span class='ocr_line' id='line_1_10' title="bbox 179 1347 1229 1431; baseline -0.002 -17"><span class='ocrx_word' id='word_1_65' title='bbox 179 1347 231 1414; x_wconf 85' lang='lat' dir='ltr'>Ad</span> <span class='ocrx_word' id='word_1_66' title='bbox 252 1349 311 1414; x_wconf 94' lang='lat' dir='ltr'>bos</span> <span class='ocrx_word' id='word_1_67' title='bbox 338 1347 385 1431; x_wconf 77' lang='lat' dir='ltr'>(V,</span> <span class='ocrx_word' id='word_1_68' title='bbox 406 1349 563 1430; x_wconf 78' lang='grc'>211-60]</span> <span class='ocrx_word' id='word_1_69' title='bbox 591 1367 675 1414; x_wconf 93' lang='lat' dir='ltr'>nnnc</span> <span class='ocrx_word' id='word_1_70' title='bbox 691 1357 905 1415; x_wconf 86' lang='lat' dir='ltr'>transeamus.</span> <span class='ocrx_word' id='word_1_71' title='bbox 945 1349 1084 1415; x_wconf 88' lang='lat' dir='ltr'>Primum</span> <span class='ocrx_word' id='word_1_72' title='bbox 1100 1349 1183 1413; x_wconf 78' lang='lat' dir='ltr'>illud</span> <span class='ocrx_word' id='word_1_73' title='bbox 1195 1349 1229 1412; x_wconf 81' lang='lat' dir='ltr'>r&#39;n</span> 
     </span>
     <span class='ocr_line' id='line_1_11' title="bbox 92 1451 1229 1536; baseline 0.004 -24"><span class='ocrx_word' id='word_1_74' title='bbox 92 1451 142 1514; x_wconf 78' lang='lat' dir='ltr'>tia</span> <span class='ocrx_word' id='word_1_75' title='bbox 171 1453 263 1516; x_wconf 82' lang='lat' dir='ltr'>rebus</span> <span class='ocrx_word' id='word_1_76' title='bbox 288 1452 370 1535; x_wconf 77' lang='grc'><strong>(247)</strong></span> <span class='ocrx_word' id='word_1_77' title='bbox 398 1451 491 1517; x_wconf 90' lang='lat' dir='ltr'>aliter</span> <span class='ocrx_word' id='word_1_78' title='bbox 519 1459 706 1536; x_wconf 89' lang='lat' dir='ltr'>usurpatum</span> <span class='ocrx_word' id='word_1_79' title='bbox 736 1459 785 1518; x_wconf 89' lang='lat' dir='ltr'>est</span> <span class='ocrx_word' id='word_1_80' title='bbox 812 1459 908 1536; x_wconf 87' lang='lat' dir='ltr'>atque</span> <span class='ocrx_word' id='word_1_81' title='bbox 936 1451 1050 1519; x_wconf 86' lang='lat' dir='ltr'>ceteris</span> <span class='ocrx_word' id='word_1_82' title='bbox 1077 1451 1229 1520; x_wconf 84' lang='lat' dir='ltr'>carminis</span> 
     </span>
     <span class='ocr_line' id='line_1_12' title="bbox 92 1553 1228 1632; baseline 0.002 -14"><span class='ocrx_word' id='word_1_83' title='bbox 92 1555 188 1632; x_wconf 86' lang='lat' dir='ltr'>locis;</span> <span class='ocrx_word' id='word_1_84' title='bbox 214 1553 332 1621; x_wconf 89' lang='lat' dir='ltr'>deinde</span> <span class='ocrx_word' id='word_1_85' title='bbox 354 1573 467 1621; x_wconf 84' lang='lat' dir='ltr'>versus</span> <span class='ocrx_word' id='word_1_86' title='bbox 490 1557 639 1620; x_wconf 87' lang='grc'><strong>257-60</strong></span> <span class='ocrx_word' id='word_1_87' title='bbox 662 1555 769 1621; x_wconf 88' lang='lat' dir='ltr'>etsoli</span> <span class='ocrx_word' id='word_1_88' title='bbox 785 1561 903 1621; x_wconf 90' lang='lat' dir='ltr'>etcum</span> <span class='ocrx_word' id='word_1_89' title='bbox 920 1557 1047 1620; x_wconf 80' lang='grc'>251-11</span> <span class='ocrx_word' id='word_1_90' title='bbox 1068 1553 1228 1621; x_wconf 89' lang='lat' dir='ltr'>coniuncti</span> 
     </span>
     <span class='ocr_line' id='line_1_13' title="bbox 92 1655 961 1742; baseline 0.005 -22"><span class='ocrx_word' id='word_1_91' title='bbox 92 1655 302 1724; x_wconf 83' lang='lat' dir='ltr'>difficultates</span> <span class='ocrx_word' id='word_1_92' title='bbox 323 1658 491 1742; x_wconf 82' lang='lat' dir='ltr'>praebent.</span> <span class='ocrx_word' id='word_1_93' title='bbox 953 1667 961 1684; x_wconf 83' lang='grc'><em>·</em></span> 
     </span>
    </p>

    <p class='ocr_par' dir='ltr' id='par_1_5' title="bbox 92 1760 1228 2154">
     <span class='ocr_line' id='line_1_14' title="bbox 179 1760 1228 1846; baseline -0.001 -21"><span class='ocrx_word' id='word_1_94' title='bbox 179 1761 283 1843; x_wconf 79' lang='lat' dir='ltr'>Atque</span> <span class='ocrx_word' id='word_1_95' title='bbox 305 1760 388 1825; x_wconf 80' lang='lat' dir='ltr'>illud</span> <span class='ocrx_word' id='word_1_96' title='bbox 412 1761 494 1844; x_wconf 72' lang='lat'>(247)</span> <span class='ocrx_word' id='word_1_97' title='bbox 521 1761 660 1845; x_wconf 81' lang='lat' dir='ltr'>pertinet</span> <span class='ocrx_word' id='word_1_98' title='bbox 688 1761 731 1828; x_wconf 84' lang='lat' dir='ltr'>ad</span> <span class='ocrx_word' id='word_1_99' title='bbox 761 1763 846 1846; x_wconf 84' lang='lat' dir='ltr'>quod</span> <span class='ocrx_word' id='word_1_100' title='bbox 872 1769 988 1826; x_wconf 83' lang='lat' dir='ltr'>terrum</span> <span class='ocrx_word' id='word_1_101' title='bbox 1010 1770 1103 1845; x_wconf 82' lang='lat' dir='ltr'>atque</span> <span class='ocrx_word' id='word_1_102' title='bbox 1125 1761 1228 1844; x_wconf 74' lang='lat' dir='ltr'>iqnern</span> 
     </span>
     <span class='ocr_line' id='line_1_15' title="bbox 92 1865 1226 1949; baseline 0.001 -22"><span class='ocrx_word' id='word_1_103' title='bbox 92 1865 240 1928; x_wconf 67' lang='lat' dir='ltr'>mortulae</span> <span class='ocrx_word' id='word_1_104' title='bbox 261 1865 383 1948; x_wconf 79' lang='lat' dir='ltr'>sumpsi</span> <span class='ocrx_word' id='word_1_105' title='bbox 402 1885 467 1928; x_wconf 82' lang='lat' dir='ltr'>eoae</span> <span class='ocrx_word' id='word_1_106' title='bbox 489 1887 514 1928; x_wconf 92' lang='lat' dir='ltr'>e.</span> <span class='ocrx_word' id='word_1_107' title='bbox 542 1887 571 1949; x_wconf 88' lang='lat' dir='ltr'>q.</span> <span class='ocrx_word' id='word_1_108' title='bbox 597 1887 638 1944; x_wconf 80' lang='lat' dir='ltr'>a,</span> <span class='ocrx_word' id='word_1_109' title='bbox 670 1865 713 1930; x_wconf 85' lang='lat' dir='ltr'>ad</span> <span class='ocrx_word' id='word_1_110' title='bbox 739 1872 859 1930; x_wconf 86' lang='lat' dir='ltr'>certam</span> <span class='ocrx_word' id='word_1_111' title='bbox 888 1865 986 1948; x_wconf 84' lang='lat' dir='ltr'>igitur</span> <span class='ocrx_word' id='word_1_112' title='bbox 1014 1883 1097 1944; x_wconf 84' lang='lat' dir='ltr'>rem,</span> <span class='ocrx_word' id='word_1_113' title='bbox 1131 1882 1226 1947; x_wconf 82' lang='lat' dir='ltr'>quem</span> 
     </span>
     <span class='ocr_line' id='line_1_16' title="bbox 92 1967 1228 2051; baseline 0 -20"><span class='ocrx_word' id='word_1_114' title='bbox 92 1975 189 2050; x_wconf 88' lang='lat' dir='ltr'>poeta</span> <span class='ocrx_word' id='word_1_115' title='bbox 210 1967 275 2033; x_wconf 87' lang='lat' dir='ltr'>iam</span> <span class='ocrx_word' id='word_1_116' title='bbox 298 1967 419 2051; x_wconf 83' lang='lat' dir='ltr'>tetigit:</span> <span class='ocrx_word' id='word_1_117' title='bbox 452 1967 598 2034; x_wconf 88' lang='lat' dir='ltr'>omnibns</span> <span class='ocrx_word' id='word_1_118' title='bbox 620 1967 734 2034; x_wconf 79' lang='lat' dir='ltr'>ceteris</span> <span class='ocrx_word' id='word_1_119' title='bbox 761 1967 841 2033; x_wconf 90' lang='lat' dir='ltr'>locis</span> <span class='ocrx_word' id='word_1_120' title='bbox 864 1967 947 2031; x_wconf 80' lang='lat' dir='ltr'>illud</span> <span class='ocrx_word' id='word_1_121' title='bbox 973 1967 1105 2049; x_wconf 81' lang='lat' dir='ltr'>¹(scilicet</span> <span class='ocrx_word' id='word_1_122' title='bbox 1125 1967 1159 2032; x_wconf 92' lang='lat' dir='ltr'>in</span> <span class='ocrx_word' id='word_1_123' title='bbox 1183 1967 1228 2032; x_wconf 87' lang='lat' dir='ltr'>si-</span> 
     </span>
     <span class='ocr_line' id='line_1_17' title="bbox 92 2069 963 2154; baseline 0 -20"><span class='ocrx_word' id='word_1_124' title='bbox 92 2069 160 2135; x_wconf 86' lang='lat' dir='ltr'>mili</span> <span class='ocrx_word' id='word_1_125' title='bbox 184 2070 415 2154; x_wconf 82' lang='lat' dir='ltr'>coniunctione)</span> <span class='ocrx_word' id='word_1_126' title='bbox 442 2069 485 2136; x_wconf 92' lang='lat' dir='ltr'>ad</span> <span class='ocrx_word' id='word_1_127' title='bbox 507 2090 624 2136; x_wconf 84' lang='lat' dir='ltr'>novum</span> <span class='ocrx_word' id='word_1_128' title='bbox 647 2069 801 2152; x_wconf 89' lang='lat' dir='ltr'>quiddam</span> <span class='ocrx_word' id='word_1_129' title='bbox 825 2077 963 2153; x_wconf 89' lang='lat' dir='ltr'>spectat:</span> 
     </span>
    </p>

    <p class='ocr_par' dir='ltr' id='par_1_6' title="bbox 202 2172 1071 2259">
     <span class='ocr_line' id='line_1_18' title="bbox 202 2172 1071 2259; baseline -0.001 -21"><span class='ocrx_word' id='word_1_130' title='bbox 202 2173 228 2252; x_wconf 91' lang='grc' dir='ltr'>Ι,</span> <span class='ocrx_word' id='word_1_131' title='bbox 256 2175 296 2238; x_wconf 99' lang='grc'>80</span> <span class='ocrx_word' id='word_1_132' title='bbox 320 2172 403 2238; x_wconf 84' lang='lat' dir='ltr'>iliud</span> <span class='ocrx_word' id='word_1_133' title='bbox 421 2175 455 2236; x_wconf 86' lang='lat' dir='ltr'>in</span> <span class='ocrx_word' id='word_1_134' title='bbox 476 2173 525 2237; x_wconf 82' lang='lat' dir='ltr'>his</span> <span class='ocrx_word' id='word_1_135' title='bbox 547 2174 639 2237; x_wconf 83' lang='lat' dir='ltr'>rebus</span> <span class='ocrx_word' id='word_1_136' title='bbox 661 2195 780 2250; x_wconf 83' lang='lat' dir='ltr'>uereor,</span> <span class='ocrx_word' id='word_1_137' title='bbox 804 2195 843 2237; x_wconf 81' lang='lat' dir='ltr'>ne</span> <span class='ocrx_word' id='word_1_138' title='bbox 854 2174 950 2259; x_wconf 89' lang='lat' dir='ltr'>forte</span> <span class='ocrx_word' id='word_1_139' title='bbox 971 2173 1071 2238; x_wconf 79' lang='lat' dir='ltr'>rearis</span> 
     </span>
    </p>
   </div>
   <div class='ocr_carea' id='block_1_4' title="bbox 317 2275 899 2360">
    <p class='ocr_par' dir='ltr' id='par_1_7' title="bbox 317 2275 899 2360">
     <span class='ocr_line' id='line_1_19' title="bbox 317 2275 899 2360; baseline 0 -21"><span class='ocrx_word' id='word_1_140' title='bbox 317 2277 404 2360; x_wconf 81' lang='lat' dir='ltr'>inpia</span> <span class='ocrx_word' id='word_1_141' title='bbox 428 2284 458 2340; x_wconf 88' lang='lat' dir='ltr'>te</span> <span class='ocrx_word' id='word_1_142' title='bbox 479 2275 611 2340; x_wconf 78' lang='lat' dir='ltr'>reticetis</span> <span class='ocrx_word' id='word_1_143' title='bbox 634 2275 715 2340; x_wconf 87' lang='lat' dir='ltr'>inire</span> <span class='ocrx_word' id='word_1_144' title='bbox 737 2275 899 2340; x_wconf 83' lang='lat' dir='ltr'>elementa.</span> 
     </span>
    </p>
   </div>
   <div class='ocr_carea' id='block_1_5' title="bbox 94 2378 1230 4144">
    <p class='ocr_par' dir='ltr' id='par_1_8' title="bbox 94 2378 1224 2564">
     <span class='ocr_line' id='line_1_20' title="bbox 94 2378 1224 2461; baseline 0.003 -20"><span class='ocrx_word' id='word_1_145' title='bbox 94 2378 124 2456; x_wconf 96' lang='grc' dir='ltr'>Ι,</span> <span class='ocrx_word' id='word_1_146' title='bbox 151 2381 225 2442; x_wconf 85' lang='grc'>310.</span> <span class='ocrx_word' id='word_1_147' title='bbox 255 2382 346 2444; x_wconf 83' lang='grc'>1052.</span> <span class='ocrx_word' id='word_1_148' title='bbox 377 2379 426 2461; x_wconf 92' lang='grc' dir='ltr'>ΙΙ,</span> <span class='ocrx_word' id='word_1_149' title='bbox 455 2379 528 2444; x_wconf 85' lang='grc'>308.</span> <span class='ocrx_word' id='word_1_150' title='bbox 560 2379 625 2458; x_wconf 88' lang='grc' dir='ltr'>ΠΙ,</span> <span class='ocrx_word' id='word_1_151' title='bbox 653 2381 726 2442; x_wconf 87' lang='grc'>319.</span> <span class='ocrx_word' id='word_1_152' title='bbox 760 2380 833 2443; x_wconf 87' lang='grc'>370.</span> <span class='ocrx_word' id='word_1_153' title='bbox 859 2381 933 2442; x_wconf 85' lang='grc'>000.</span> <span class='ocrx_word' id='word_1_154' title='bbox 966 2380 1022 2460; x_wconf 88' lang='lat' dir='ltr'>IV,</span> <span class='ocrx_word' id='word_1_155' title='bbox 1048 2382 1122 2444; x_wconf 83' lang='grc'>256.</span> <span class='ocrx_word' id='word_1_156' title='bbox 1150 2381 1224 2444; x_wconf 88' lang='grc'>822.</span> 
     </span>
     <span class='ocr_line' id='line_1_21' title="bbox 95 2481 812 2564; baseline 0.004 -20"><span class='ocrx_word' id='word_1_157' title='bbox 95 2483 166 2548; x_wconf 79' lang='grc'>808.</span> <span class='ocrx_word' id='word_1_158' title='bbox 192 2482 232 2562; x_wconf 85' lang='lat' dir='ltr'>V,</span> <span class='ocrx_word' id='word_1_159' title='bbox 259 2485 332 2547; x_wconf 88' lang='grc'><strong>666.</strong></span> <span class='ocrx_word' id='word_1_160' title='bbox 361 2483 454 2546; x_wconf 86' lang='grc'>1001.</span> <span class='ocrx_word' id='word_1_161' title='bbox 479 2481 533 2560; x_wconf 80' lang='lat' dir='ltr'>VI.</span> <span class='ocrx_word' id='word_1_162' title='bbox 562 2484 656 2546; x_wconf 83' lang='grc'>1056.</span> <span class='ocrx_word' id='word_1_163' title='bbox 685 2484 812 2564; x_wconf 68' lang='grc'>123011.</span> 
     </span>
    </p>

    <p class='ocr_par' dir='ltr' id='par_1_9' title="bbox 137 2583 1228 2877">
     <span class='ocr_line' id='line_1_22' title="bbox 137 2583 1228 2670; baseline 0.001 -21"><span class='ocrx_word' id='word_1_164' title='bbox 137 2585 177 2659; x_wconf 89' lang='grc' dir='ltr'>ΙΙ,</span> <span class='ocrx_word' id='word_1_165' title='bbox 208 2587 268 2650; x_wconf 85' lang='grc'>181</span> <span class='ocrx_word' id='word_1_166' title='bbox 292 2587 385 2650; x_wconf 80' lang='lat' dir='ltr'>Nunc</span> <span class='ocrx_word' id='word_1_167' title='bbox 408 2585 493 2648; x_wconf 84' lang='lat' dir='ltr'>loeus</span> <span class='ocrx_word' id='word_1_168' title='bbox 516 2593 574 2663; x_wconf 86' lang='lat' dir='ltr'>eat,</span> <span class='ocrx_word' id='word_1_169' title='bbox 599 2593 634 2648; x_wconf 82' lang='lat' dir='ltr'>ut</span> <span class='ocrx_word' id='word_1_170' title='bbox 649 2584 771 2668; x_wconf 79' lang='lat' dir='ltr'>opinor,</span> <span class='ocrx_word' id='word_1_171' title='bbox 794 2584 826 2647; x_wconf 86' lang='lat' dir='ltr'>in</span> <span class='ocrx_word' id='word_1_172' title='bbox 842 2583 891 2648; x_wconf 76' lang='lat' dir='ltr'>iis</span> <span class='ocrx_word' id='word_1_173' title='bbox 906 2584 990 2648; x_wconf 80' lang='lat' dir='ltr'>iliud</span> <span class='ocrx_word' id='word_1_174' title='bbox 1002 2607 1122 2670; x_wconf 80' lang='lat' dir='ltr'>quoque</span> <span class='ocrx_word' id='word_1_175' title='bbox 1136 2588 1228 2650; x_wconf 75' lang='lat' dir='ltr'>retus</span> 
     </span>
     <span class='ocr_line' id='line_1_23' title="bbox 292 2685 1044 2772; baseline -0.001 -21"><span class='ocrx_word' id='word_1_176' title='bbox 292 2687 475 2770; x_wconf 67' lang='lat' dir='ltr'>refirmare</span> <span class='ocrx_word' id='word_1_177' title='bbox 498 2685 564 2769; x_wconf 83' lang='lat' dir='ltr'>tibi,</span> <span class='ocrx_word' id='word_1_178' title='bbox 590 2687 710 2750; x_wconf 81' lang='lat' dir='ltr'>nullam</span> <span class='ocrx_word' id='word_1_179' title='bbox 732 2709 797 2751; x_wconf 84' lang='lat' dir='ltr'>rem</span> <span class='ocrx_word' id='word_1_180' title='bbox 814 2709 909 2772; x_wconf 83' lang='lat' dir='ltr'>posse</span> <span class='ocrx_word' id='word_1_181' title='bbox 931 2710 988 2752; x_wconf 82' lang='lat' dir='ltr'>aaa</span> <span class='ocrx_word' id='word_1_182' title='bbox 1011 2687 1044 2751; x_wconf 86' lang='lat' dir='ltr'>ui</span> 
     </span>
     <span class='ocr_line' id='line_1_24' title="bbox 292 2791 1064 2877; baseline 0.001 -23"><span class='ocrx_word' id='word_1_183' title='bbox 292 2813 473 2874; x_wconf 84' lang='lat' dir='ltr'>corpoream</span> <span class='ocrx_word' id='word_1_184' title='bbox 495 2812 618 2855; x_wconf 76' lang='lat' dir='ltr'>aurarem</span> <span class='ocrx_word' id='word_1_185' title='bbox 629 2791 725 2877; x_wconf 87' lang='lat' dir='ltr'>ferri</span> <span class='ocrx_word' id='word_1_186' title='bbox 744 2813 928 2876; x_wconf 80' lang='lat' dir='ltr'>rursumque</span> <span class='ocrx_word' id='word_1_187' title='bbox 949 2813 1064 2855; x_wconf 81' lang='lat' dir='ltr'>meare.</span> 
     </span>
    </p>

    <p class='ocr_par' dir='ltr' id='par_1_10' title="bbox 94 2891 1230 4144">
     <span class='ocr_line' id='line_1_25' title="bbox 94 2891 1121 2976; baseline -0.002 -19"><span class='ocrx_word' id='word_1_188' title='bbox 94 2893 133 2970; x_wconf 90' lang='grc' dir='ltr'>Π,</span> <span class='ocrx_word' id='word_1_189' title='bbox 161 2895 236 2957; x_wconf 93' lang='grc'>216.</span> <span class='ocrx_word' id='word_1_190' title='bbox 262 2891 304 2972; x_wconf 88' lang='grc' dir='ltr'>Π,</span> <span class='ocrx_word' id='word_1_191' title='bbox 332 2895 389 2957; x_wconf 87' lang='grc'>581</span> <span class='ocrx_word' id='word_1_192' title='bbox 423 2892 486 2974; x_wconf 66' lang='lat' dir='ltr'>(IV,</span> <span class='ocrx_word' id='word_1_193' title='bbox 514 2895 586 2959; x_wconf 82' lang='grc'>858.</span> <span class='ocrx_word' id='word_1_194' title='bbox 613 2893 653 2971; x_wconf 87' lang='lat' dir='ltr'>V,</span> <span class='ocrx_word' id='word_1_195' title='bbox 680 2896 752 2958; x_wconf 80' lang='grc'>690.</span> <span class='ocrx_word' id='word_1_196' title='bbox 779 2893 837 2974; x_wconf 93' lang='grc' dir='ltr'>ΙΙΙ,</span> <span class='ocrx_word' id='word_1_197' title='bbox 864 2897 937 2957; x_wconf 80' lang='grc'>751.</span> <span class='ocrx_word' id='word_1_198' title='bbox 963 2893 1006 2974; x_wconf 87' lang='grc' dir='ltr'>ΙΙ,</span> <span class='ocrx_word' id='word_1_199' title='bbox 1032 2895 1121 2976; x_wconf 78' lang='grc'>931).</span> 
     </span>
     <span class='ocr_line' id='line_1_26' title="bbox 178 2994 1228 3076; baseline -0.001 -15"><span class='ocrx_word' id='word_1_200' title='bbox 178 2995 305 3062; x_wconf 80' lang='lat' dir='ltr'>Deinde</span> <span class='ocrx_word' id='word_1_201' title='bbox 321 3015 434 3062; x_wconf 85' lang='lat' dir='ltr'>versus</span> <span class='ocrx_word' id='word_1_202' title='bbox 446 2994 484 3076; x_wconf 88' lang='lat' dir='ltr'>V,</span> <span class='ocrx_word' id='word_1_203' title='bbox 500 2998 650 3061; x_wconf 80' lang='grc'><strong>257-60</strong></span> <span class='ocrx_word' id='word_1_204' title='bbox 664 2995 843 3062; x_wconf 80' lang='lat' dir='ltr'>accuratius</span> <span class='ocrx_word' id='word_1_205' title='bbox 858 2995 1106 3062; x_wconf 86' lang='lat' dir='ltr'>consideremus.</span> <span class='ocrx_word' id='word_1_206' title='bbox 1139 2994 1228 3073; x_wconf 85' lang='lat' dir='ltr'>Quo-</span> 
     </span>
     <span class='ocr_line' id='line_1_27' title="bbox 95 3095 1175 3181; baseline -0.003 -18"><span class='ocrx_word' id='word_1_207' title='bbox 95 3119 160 3164; x_wconf 89' lang='lat' dir='ltr'>rum</span> <span class='ocrx_word' id='word_1_208' title='bbox 185 3099 213 3164; x_wconf 88' lang='lat' dir='ltr'>si</span> <span class='ocrx_word' id='word_1_209' title='bbox 236 3099 403 3164; x_wconf 90' lang='lat' dir='ltr'>lectionem</span> <span class='ocrx_word' id='word_1_210' title='bbox 427 3095 589 3164; x_wconf 81' lang='lat' dir='ltr'>codicibus</span> <span class='ocrx_word' id='word_1_211' title='bbox 612 3096 762 3163; x_wconf 75' lang='lat' dir='ltr'>nuditum</span> <span class='ocrx_word' id='word_1_212' title='bbox 785 3097 957 3181; x_wconf 87' lang='lat' dir='ltr'>sequimur,</span> <span class='ocrx_word' id='word_1_213' title='bbox 984 3096 1063 3163; x_wconf 87' lang='lat' dir='ltr'>hacc</span> <span class='ocrx_word' id='word_1_214' title='bbox 1086 3102 1175 3163; x_wconf 90' lang='lat' dir='ltr'>sunt:</span> 
     </span>
     <span class='ocr_line' id='line_1_28' title="bbox 217 3199 1111 3286; baseline -0.002 -22"><span class='ocrx_word' id='word_1_215' title='bbox 217 3209 387 3284; x_wconf 84' lang='lat' dir='ltr'>praeterea</span> <span class='ocrx_word' id='word_1_216' title='bbox 405 3222 467 3284; x_wconf 81' lang='lat' dir='ltr'>pro</span> <span class='ocrx_word' id='word_1_217' title='bbox 483 3209 580 3283; x_wconf 83' lang='lat' dir='ltr'>parte</span> <span class='ocrx_word' id='word_1_218' title='bbox 602 3221 659 3264; x_wconf 80' lang='lat' dir='ltr'>stra</span> <span class='ocrx_word' id='word_1_219' title='bbox 681 3201 766 3286; x_wconf 84' lang='lat' dir='ltr'>quod</span> <span class='ocrx_word' id='word_1_220' title='bbox 786 3221 914 3284; x_wconf 79' lang='lat' dir='ltr'>eumque</span> <span class='ocrx_word' id='word_1_221' title='bbox 936 3199 995 3264; x_wconf 84' lang='lat' dir='ltr'>alit</span> <span class='ocrx_word' id='word_1_222' title='bbox 1016 3208 1111 3283; x_wconf 72' lang='lat' dir='ltr'>erepet</span> 
     </span>
     <span class='ocr_line' id='line_1_29' title="bbox 223 3303 375 3368; baseline -0.013 0"><span class='ocrx_word' id='word_1_223' title='bbox 223 3303 375 3368; x_wconf 74' lang='lat' dir='ltr'>redditur.</span> 
     </span>
     <span class='ocr_line' id='line_1_30' title="bbox 96 3403 1229 3488; baseline -0.001 -17"><span class='ocrx_word' id='word_1_224' title='bbox 96 3405 184 3483; x_wconf 85' lang='lat' dir='ltr'>Quod</span> <span class='ocrx_word' id='word_1_225' title='bbox 208 3405 435 3473; x_wconf 87' lang='lat' dir='ltr'>Lucbmanuus</span> <span class='ocrx_word' id='word_1_226' title='bbox 458 3406 528 3470; x_wconf 82' lang='lat' dir='ltr'>olid</span> <span class='ocrx_word' id='word_1_227' title='bbox 547 3405 694 3471; x_wconf 89' lang='lat' dir='ltr'>Lambini</span> <span class='ocrx_word' id='word_1_228' title='bbox 717 3404 930 3471; x_wconf 86' lang='lat' dir='ltr'>coniecturam</span> <span class='ocrx_word' id='word_1_229' title='bbox 953 3409 1038 3471; x_wconf 89' lang='lat' dir='ltr'>recte</span> <span class='ocrx_word' id='word_1_230' title='bbox 1061 3403 1229 3488; x_wconf 87' lang='lat' dir='ltr'>amplexus</span> 
     </span>
     <span class='ocr_line' id='line_1_31' title="bbox 97 3505 1228 3593; baseline -0.001 -22"><span class='ocrx_word' id='word_1_231' title='bbox 97 3509 139 3573; x_wconf 85' lang='lat' dir='ltr'>ita</span> <span class='ocrx_word' id='word_1_232' title='bbox 161 3509 390 3593; x_wconf 84' lang='lat' dir='ltr'>interpretatus</span> <span class='ocrx_word' id='word_1_233' title='bbox 414 3515 478 3574; x_wconf 85' lang='lat' dir='ltr'>eat:</span> <span class='ocrx_word' id='word_1_234' title='bbox 506 3507 592 3590; x_wconf 90' lang='lat' dir='ltr'>quod</span> <span class='ocrx_word' id='word_1_235' title='bbox 615 3507 697 3573; x_wconf 88' lang='lat' dir='ltr'>alias</span> <span class='ocrx_word' id='word_1_236' title='bbox 719 3527 771 3572; x_wconf 89' lang='lat' dir='ltr'>res</span> <span class='ocrx_word' id='word_1_237' title='bbox 794 3513 901 3590; x_wconf 82' lang='lat' dir='ltr'>anget,</span> <span class='ocrx_word' id='word_1_238' title='bbox 926 3505 961 3572; x_wconf 91' lang='lat' dir='ltr'>id</span> <span class='ocrx_word' id='word_1_239' title='bbox 983 3525 1041 3590; x_wconf 89' lang='lat' dir='ltr'>pro</span> <span class='ocrx_word' id='word_1_240' title='bbox 1060 3525 1120 3571; x_wconf 90' lang='lat' dir='ltr'>sua</span> <span class='ocrx_word' id='word_1_241' title='bbox 1136 3513 1228 3591; x_wconf 87' lang='lat' dir='ltr'>purte</span> 
     </span>
     <span class='ocr_line' id='line_1_32' title="bbox 163 3642 1071 3716; baseline -0.006 -16"><span class='ocrx_word' id='word_1_242' title='bbox 163 3649 179 3712; x_wconf 68' lang='lat'>¹)</span> <span class='ocrx_word' id='word_1_243' title='bbox 203 3645 282 3700; x_wconf 81' lang='lat' dir='ltr'>Unus</span> <span class='ocrx_word' id='word_1_244' title='bbox 299 3653 343 3700; x_wconf 88' lang='lat' dir='ltr'>est</span> <span class='ocrx_word' id='word_1_245' title='bbox 361 3645 447 3700; x_wconf 90' lang='lat' dir='ltr'>locus.</span> <span class='ocrx_word' id='word_1_246' title='bbox 468 3645 514 3716; x_wconf 88' lang='lat' dir='ltr'>qut</span> <span class='ocrx_word' id='word_1_247' title='bbox 534 3645 623 3715; x_wconf 84' lang='lat' dir='ltr'>prima</span> <span class='ocrx_word' id='word_1_248' title='bbox 641 3644 735 3715; x_wconf 89' lang='lat' dir='ltr'>specie</span> <span class='ocrx_word' id='word_1_249' title='bbox 754 3659 909 3713; x_wconf 78' lang='lat' dir='ltr'>repugnare</span> <span class='ocrx_word' id='word_1_250' title='bbox 927 3642 1071 3697; x_wconf 85' lang='lat' dir='ltr'>videatur:</span> 
     </span>
     <span class='ocr_line' id='line_1_33' title="bbox 197 3728 974 3801; baseline -0.005 -17"><span class='ocrx_word' id='word_1_251' title='bbox 197 3731 234 3795; x_wconf 89' lang='grc' dir='ltr'>ΙΙ,</span> <span class='ocrx_word' id='word_1_252' title='bbox 255 3733 301 3783; x_wconf 84' lang='grc'>801</span> <span class='ocrx_word' id='word_1_253' title='bbox 325 3731 395 3784; x_wconf 81' lang='lat' dir='ltr'>illud</span> <span class='ocrx_word' id='word_1_254' title='bbox 411 3732 439 3784; x_wconf 82' lang='lat' dir='ltr'>in</span> <span class='ocrx_word' id='word_1_255' title='bbox 457 3731 497 3785; x_wconf 74' lang='lat' dir='ltr'>ta</span> <span class='ocrx_word' id='word_1_256' title='bbox 515 3731 599 3801; x_wconf 75' lang='lat' dir='ltr'>ipitur</span> <span class='ocrx_word' id='word_1_257' title='bbox 616 3731 692 3783; x_wconf 81' lang='lat' dir='ltr'>rebus</span> <span class='ocrx_word' id='word_1_258' title='bbox 709 3729 857 3782; x_wconf 77' lang='lat' dir='ltr'>meminisse</span> <span class='ocrx_word' id='word_1_259' title='bbox 875 3728 974 3782; x_wconf 76' lang='lat' dir='ltr'>decebit</span> 
     </span>
     <span class='ocr_line' id='line_1_34' title="bbox 326 3815 1074 3885; baseline -0.003 -17"><span class='ocrx_word' id='word_1_260' title='bbox 326 3835 378 3870; x_wconf 81' lang='lat' dir='ltr'>noa</span> <span class='ocrx_word' id='word_1_261' title='bbox 396 3833 428 3870; x_wconf 77' lang='lat' dir='ltr'>ee·</span> <span class='ocrx_word' id='word_1_262' title='bbox 444 3815 565 3870; x_wconf 77' lang='lat' dir='ltr'>omnebus</span> <span class='ocrx_word' id='word_1_263' title='bbox 582 3816 698 3880; x_wconf 84' lang='lat' dir='ltr'>omnino,</span> <span class='ocrx_word' id='word_1_264' title='bbox 719 3831 896 3885; x_wconf 70' lang='lat' dir='ltr'>quaequomque</span> <span class='ocrx_word' id='word_1_265' title='bbox 914 3819 1005 3868; x_wconf 80' lang='lat' dir='ltr'>creant</span> <span class='ocrx_word' id='word_1_266' title='bbox 1023 3831 1074 3878; x_wconf 83' lang='lat' dir='ltr'>ree,</span> 
     </span>
     <span class='ocr_line' id='line_1_35' title="bbox 325 3901 984 3972; baseline -0.002 -15"><span class='ocrx_word' id='word_1_267' title='bbox 325 3903 419 3958; x_wconf 81' lang='lat' dir='ltr'>rrnrr&#39;le</span> <span class='ocrx_word' id='word_1_268' title='bbox 436 3909 461 3957; x_wconf 88' lang='lat' dir='ltr'>et</span> <span class='ocrx_word' id='word_1_269' title='bbox 478 3901 606 3972; x_wconf 67' lang='lat' dir='ltr'>retempto</span> <span class='ocrx_word' id='word_1_270' title='bbox 628 3919 668 3956; x_wconf 85' lang='lat' dir='ltr'>me</span> <span class='ocrx_word' id='word_1_271' title='bbox 685 3901 762 3972; x_wconf 68' lang='lat' dir='ltr'>piperi</span> <span class='ocrx_word' id='word_1_272' title='bbox 778 3901 867 3956; x_wconf 81' lang='lat' dir='ltr'>dicere</span> <span class='ocrx_word' id='word_1_273' title='bbox 884 3917 984 3964; x_wconf 72' lang='lat' dir='ltr'>umus,</span> 
     </span>
     <span class='ocr_line' id='line_1_36' title="bbox 326 3988 729 4058; baseline -0.005 -17"><span class='ocrx_word' id='word_1_274' title='bbox 326 3989 372 4042; x_wconf 82' lang='lat' dir='ltr'>aed</span> <span class='ocrx_word' id='word_1_275' title='bbox 389 3988 482 4058; x_wconf 76' lang='lat' dir='ltr'>mapnr‘</span> <span class='ocrx_word' id='word_1_276' title='bbox 499 3989 602 4058; x_wconf 71' lang='lat' dir='ltr'>referre</span> <span class='ocrx_word' id='word_1_277' title='bbox 620 4007 641 4040; x_wconf 86' lang='lat' dir='ltr'>e.</span> <span class='ocrx_word' id='word_1_278' title='bbox 663 4006 688 4058; x_wconf 82' lang='lat' dir='ltr'>q.</span> <span class='ocrx_word' id='word_1_279' title='bbox 708 4005 729 4040; x_wconf 82' lang='lat' dir='ltr'>e.</span> 
     </span>
     <span class='ocr_line' id='line_1_37' title="bbox 100 4070 1230 4144; baseline -0.001 -19"><span class='ocrx_word' id='word_1_280' title='bbox 100 4071 137 4126; x_wconf 75' lang='lat' dir='ltr'>‚tt</span> <span class='ocrx_word' id='word_1_281' title='bbox 154 4074 304 4128; x_wconf 75' lang='lat' dir='ltr'>rneminr‘ese</span> <span class='ocrx_word' id='word_1_282' title='bbox 321 4089 376 4128; x_wconf 90' lang='lat' dir='ltr'>non</span> <span class='ocrx_word' id='word_1_283' title='bbox 396 4074 518 4144; x_wconf 87' lang='lat' dir='ltr'>pertinet</span> <span class='ocrx_word' id='word_1_284' title='bbox 535 4073 571 4128; x_wconf 88' lang='lat' dir='ltr'>ad</span> <span class='ocrx_word' id='word_1_285' title='bbox 590 4072 735 4142; x_wconf 90' lang='lat' dir='ltr'>quiddam,</span> <span class='ocrx_word' id='word_1_286' title='bbox 762 4073 797 4126; x_wconf 89' lang='lat' dir='ltr'>de</span> <span class='ocrx_word' id='word_1_287' title='bbox 822 4086 877 4141; x_wconf 90' lang='lat' dir='ltr'>quo</span> <span class='ocrx_word' id='word_1_288' title='bbox 900 4072 955 4125; x_wconf 87' lang='lat' dir='ltr'>iam</span> <span class='ocrx_word' id='word_1_289' title='bbox 979 4070 1063 4132; x_wconf 60' lang='lat' dir='ltr'>dixin</span> <span class='ocrx_word' id='word_1_290' title='bbox 1089 4071 1139 4125; x_wconf 89' lang='lat' dir='ltr'>sed</span> <span class='ocrx_word' id='word_1_291' title='bbox 1162 4085 1230 4124; x_wconf 89' lang='lat' dir='ltr'>con-</span> 
     </span>
    </p>
   </div>
   <div class='ocr_carea' id='block_1_6' title="bbox 100 4155 1230 4314">
    <p class='ocr_par' dir='ltr' id='par_1_11' title="bbox 100 4155 1230 4314">
     <span class='ocr_line' id='line_1_38' title="bbox 100 4155 1230 4229; baseline 0.001 -21"><span class='ocrx_word' id='word_1_292' title='bbox 100 4157 189 4214; x_wconf 70' lang='lat' dir='ltr'>fitetur</span> <span class='ocrx_word' id='word_1_293' title='bbox 215 4176 286 4229; x_wconf 88' lang='lat' dir='ltr'>opus</span> <span class='ocrx_word' id='word_1_294' title='bbox 314 4173 376 4214; x_wconf 85' lang='lat' dir='ltr'>erae</span> <span class='ocrx_word' id='word_1_295' title='bbox 399 4159 428 4212; x_wconf 92' lang='lat' dir='ltr'>in</span> <span class='ocrx_word' id='word_1_296' title='bbox 453 4165 514 4214; x_wconf 88' lang='lat' dir='ltr'>tota</span> <span class='ocrx_word' id='word_1_297' title='bbox 538 4173 621 4227; x_wconf 85' lang='lat' dir='ltr'>quam</span> <span class='ocrx_word' id='word_1_298' title='bbox 645 4158 827 4213; x_wconf 84' lang='lat' dir='ltr'>instituturus</span> <span class='ocrx_word' id='word_1_299' title='bbox 851 4157 888 4210; x_wconf 89' lang='lat' dir='ltr'>sit</span> <span class='ocrx_word' id='word_1_300' title='bbox 914 4155 1079 4225; x_wconf 88' lang='lat' dir='ltr'>quaestione</span> <span class='ocrx_word' id='word_1_301' title='bbox 1097 4155 1230 4210; x_wconf 84' lang='lat' dir='ltr'>memoria</span> 
     </span>
     <span class='ocr_line' id='line_1_39' title="bbox 100 4244 631 4314; baseline 0 -20"><span class='ocrx_word' id='word_1_302' title='bbox 100 4249 188 4300; x_wconf 85' lang='lat' dir='ltr'>tenere</span> <span class='ocrx_word' id='word_1_303' title='bbox 206 4245 244 4306; x_wconf 83' lang='grc'>10,</span> <span class='ocrx_word' id='word_1_304' title='bbox 265 4244 341 4314; x_wconf 90' lang='lat' dir='ltr'>quod</span> <span class='ocrx_word' id='word_1_305' title='bbox 360 4245 414 4299; x_wconf 87' lang='lat' dir='ltr'>iam</span> <span class='ocrx_word' id='word_1_306' title='bbox 433 4244 560 4299; x_wconf 88' lang='lat' dir='ltr'>dicturus</span> <span class='ocrx_word' id='word_1_307' title='bbox 579 4251 631 4298; x_wconf 86' lang='lat' dir='ltr'>est.</span> 
     </span>
    </p>
   </div>
   <div class='ocr_carea' id='block_1_7' title="bbox 0 0 1527 4896">
    <p class='ocr_par' dir='ltr' id='par_1_12' title="bbox 0 0 1527 4896">
     <span class='ocr_line' id='line_1_40' title="bbox 0 0 1527 4896; baseline 0 0"><span class='ocrx_word' id='word_1_308' title='bbox 0 0 1527 4896; x_wconf 95' lang='lat' dir='ltr'> </span> 
     </span>
    </p>
   </div>
  </div>
 </body>
</html>
