3010 4896
549 396 591 406 -
640 359 735 442 [151]
785 398 825 406 -
1241 365 1257 426 r

113 553 258 634 quaestio
282 550 530 636 proficisceretur
553 555 716 636 omnisque
740 555 928 639 disceptatio
950 557 991 621 ad
1011 556 1140 622 Suidam
1163 559 1260 622 refer-

112 665 209 723 retur.

202 766 312 848 Neque
335 773 440 831 tamen
459 789 508 831 me
532 767 614 850 fugit
633 769 850 851 Kustorum1),
873 769 1029 853 Toupimn
1039 775 1075 854 ²),
1098 771 1259 836 Hemstcr-

109 875 283 958 bustum-⁹³),
308 873 586 950 Valckencu·ium⁴)
610 882 643 940 et
666 882 823 957 quotquot
847 876 950 959 Angli,
974 878 1099 953 Bataui,
1122 879 1259 942 Franco

110 981 236 1062 galli⁵l,
258 981 408 1045 Germani
432 979 550 1046 Suidao
572 982 672 1046 lexic»
697 982 747 1045 uel
767 983 889 1046 edendo
908 983 959 1046 uel
979 984 1167 1049 illustrando
1186 1007 1259 1068 ope-

110 1110 181 1151 ram
206 1085 411 1158 censuerunt,
435 1089 502 1151 eius
521 1089 742 1152 auctoritatem
763 1090 896 1154 maxime
916 1091 948 1154 in
969 1089 1190 1174 Aristophanis
1214 1092 1260 1155 la-

110 1194 196 1258 hnlis
222 1215 342 1258 summo
366 1215 460 1277 opere
490 1195 681 1270 laudauisse,
708 1197 848 1276 satisque
872 1202 981 1260 uotum
1006 1203 1055 1260 est
1077 1200 1260 1281 saepissime

110 1323 167 1364 eos
194 1302 248 1384 qui
276 1301 385 1364 comici
419 1301 503 1364 illius
530 1301 711 1366 fabularum
738 1302 788 1365 uel
820 1303 959 1366 omnium
986 1305 1037 1368 uel
1065 1305 1259 1386 singularum

110 1408 285 1471 editionem
309 1407 505 1490 parauorint,
532 1429 571 1471 ex
594 1408 712 1472 Suidao
738 1409 838 1472 lexico
861 1410 1106 1492 deprompsisse,
1134 1412 1258 1492 siquid

110 1515 152 1578 ad
188 1515 400 1578 emendandos
432 1514 677 1580 illustrandosue
709 1521 820 1598 poetae
849 1537 958 1580 uorsus
985 1520 1053 1580 usui
1088 1518 1165 1598 ipsis
1193 1539 1260 1582 csse

111 1622 285 1685 uideretur.
311 1621 458 1686 Attamen
472 1621 584 1686 horum
604 1623 744 1686 uirorum
763 1623 927 1687 doctorum
946 1623 1167 1688 adnotationes
1186 1630 1260 1688 sunt

110 1728 193 1792 adeo
216 1728 377 1812 dispersae
400 1735 496 1810 atque
520 1729 685 1804 disiectae,
707 1735 744 1792 ut
766 1730 792 1793 si
815 1731 885 1811 quis
909 1751 962 1792 cas
986 1751 1023 1793 ex
1048 1731 1146 1794 uariis
1169 1731 1260 1796 libris

109 1835 409 1917 commentariisque
428 1835 575 1900 collectas
592 1843 689 1917 atque
708 1835 876 1917 dispositus
895 1835 1014 1917 publici
1038 1836 1116 1900 iuris
1140 1838 1260 1914 fecerit,

110 1943 233 2023 optime
265 1941 292 2004 is
320 1941 360 2006 de
387 1941 486 2006 Suida
514 1948 546 2006 et
574 1943 614 2005 de
641 1941 854 2024 Aristophane
882 1942 1053 2007 meriturus
1080 1943 1136 2018 sit;
1168 1966 1259 2008 omne

109 2053 221 2112 autem
243 2048 277 2112 in
299 2047 358 2112 hac
380 2069 415 2112 re
438 2051 465 2112 is
483 2048 645 2112 uidebitur
669 2048 778 2114 tulisse
801 2055 965 2132 punctum,
988 2049 1042 2130 qui
1066 2049 1168 2131 qualis
1189 2051 1259 2114 Ari·

109 2153 284 2236 stophanes
313 2155 344 2218 iu
369 2153 486 2220 Suidao
513 2154 613 2219 lexico
637 2154 727 2220 nohis
750 2155 877 2220 obuiam
900 2153 957 2220 liat
980 2163 1013 2220 ot
1036 2156 1161 2240 qualem
1183 2179 1260 2240 prae

110 2281 145 2324 se
169 2261 253 2324 ierat
275 2261 400 2324 uultum
423 2261 607 2344 sudemque,
633 2269 666 2326 et
689 2262 766 2344 quid
790 2261 864 2326 inde
887 2261 920 2326 iu
943 2263 1125 2326 uniuersum
1149 2263 1259 2329 comici

109 2366 228 2430 sabulis
252 2367 402 2432 utilitatis
421 2374 452 2432 et
475 2368 704 2446 emendationis
723 2368 902 2434 redundare
926 2369 1033 2452 possit,
1056 2369 1202 2435 omnibus
1221 2392 1260 2436 ox

109 2473 258 2557 partibus
281 2473 442 2555 indagarit
465 2480 497 2538 et
520 2475 753 2558 poruestigarit
790 2475 896 2558 Atque
919 2497 976 2558 ego
996 2497 1066 2540 cum
1084 2497 1146 2540 non
1171 2476 1259 2560 igno·

109 2601 188 2657 rem,
210 2586 363 2663 quantum
383 2602 432 2645 me
452 2580 536 2646 uiros
555 2579 704 2646 deficiant
723 2587 755 2645 et
778 2580 876 2644 totius
894 2583 1095 2664 antiquitatis
1113 2592 1261 2648 accurata

108 2686 262 2770 cognitio,
284 2707 347 2770 qua
364 2689 405 2750 ad
430 2687 494 2751 talo
513 2709 591 2770 opus
614 2687 838 2770 perficiendum
857 2709 965 2752 carere
985 2709 1130 2770 nequeas,
1154 2697 1259 2754 tamon

108 2795 238 2858 ueniam
262 2815 313 2858 mc
335 2793 577 2877 impetraturum
596 2817 698 2878 spero,
721 2794 747 2859 si
770 2795 992 2859 auctoritatem
1016 2794 1109 2859 loxici
1128 2794 1259 2861 Suidani

108 2901 152 2964 ad
177 2899 303 2965 fabulas
322 2899 543 2984 Aristophanis
565 2903 681 2966 rectius
705 2901 942 2984 intellegendas,
965 2901 1005 2965 ad
1030 2903 1259 2968 emendandum

108 3007 347 3072 comoediarum
368 3013 560 3084 contextum,
582 3007 624 3072 ad
643 3007 762 3072 scholia
786 3008 921 3092 denique
945 3008 978 3071 ia
1002 3031 1055 3073 eas
1079 3010 1259 3093 conscripta

107 3114 304 3179 illustranda
321 3115 515 3198 angendaue,
538 3121 691 3196 quantum
708 3113 835 3198 possim,
858 3115 889 3176 in
911 3115 1127 3198 quaestionem
1146 3138 1260 3180 uocare

107 3221 255 3286 audeam

186 3435 207 3497 ¹)
224 3433 252 3487 iu
272 3432 448 3502 praefatione
467 3435 502 3489 ad
521 3433 623 3490 Suidae
641 3434 750 3490 lexicon
769 3433 955 3503 compluribus
974 3435 1050 3490 locis.

184 3523 208 3585 ¹)
225 3523 254 3576 in
273 3522 448 3592 praefatione
467 3525 502 3579 ad
521 3523 736 3578 Emendatioues
756 3524 784 3579 in
803 3524 923 3579 Suidam.

184 3611 206 3669 'l
225 3611 258 3665 Η.
274 3612 387 3666 Suidam
402 3613 499 3666 sedulo
513 3613 685 3681 comparauit
699 3621 728 3666 ct
742 3629 804 3666 eum
820 3629 897 3666 usum
913 3629 973 3668 esse
984 3615 1078 3668 codice
1094 3615 1258 3670 scholiorum

108 3703 140 3755 in
164 3701 381 3770 Aristophanem
406 3701 529 3770 pleniore
553 3708 581 3756 et
605 3702 782 3771 castigatiore
807 3702 875 3756 dicit
899 3705 933 3758 ad
957 3704 1028 3759 Plut.
1049 3721 1093 3773 pg.
1118 3707 1148 3759 io
1168 3707 1259 3758 adnot.

108 3793 146 3844 ’23
166 3797 196 3843 et
214 3807 260 3858 pg.
279 3791 332 3844 452
351 3791 442 3844 adnot.
463 3793 505 3845 61.

185 3881 207 3945 ⁴)
230 3879 259 3933 in
283 3879 413 3932 Distriba
430 3879 572 3948 Euripidis
592 3879 742 3950 Hippolyto
766 3880 897 3935 adiuncta
920 3899 965 3950 pg.
988 3884 1041 3936 204
1064 3889 1094 3935 et
1116 3883 1151 3936 ad
1171 3882 1260 3936 Theo·

109 3967 177 4022 criti
193 3967 383 4022 Adouiaausas
402 3985 445 4036 pg.
461 3969 513 4022 297
528 3968 628 4022 Valclr.
648 3968 753 4023 monuit
772 3987 832 4024 cnm
852 3969 923 4024 alias
942 3977 1035 4039 partes
1055 3972 1129 4039 apud
1149 3972 1260 4025 Snidarn

110 4056 247 4124 largiores
269 4065 365 4110 extare
391 4065 446 4109 tum
470 4065 567 4111 uetera
591 4057 619 4111 in
642 4058 941 4126 Thesmophoriazusas
965 4060 1082 4124 scholia,
1108 4076 1178 4128 quse
1203 4066 1259 4113 tum

110 4145 352 4208 desiderabantur,
372 4163 407 4200 ex
427 4145 474 4198 illo
494 4145 587 4214 colligi
607 4162 693 4214 posse.

186 4233 209 4296 ὓ)
227 4235 389 4289 Maussaeus
408 4235 436 4288 iu
456 4235 565 4290 dissert.
585 4237 644 4289 erit.
665 4253 708 4304 pg.
725 4238 778 4290 396
797 4235 826 4290 ἰη
849 4236 933 4290 Suids
952 4253 982 4291 se
1001 4238 1041 4291 ait
1060 4236 1212 4292 lectitando
1232 4243 1262 4290 et

112 4321 256 4390 uigilando
275 4323 442 4393 comperisse
460 4331 489 4378 ct
508 4325 638 4379 didicisse
658 4341 784 4393 magnam
808 4333 915 4394 partem
936 4326 1115 4390 scholiorum,
1142 4343 1212 4396 quac
1233 4327 1259 4380 iu

112 4409 236 4482 tragicos
255 4419 284 4466 et
302 4413 421 4470 comicos
440 4413 691 4480 circumferrentur,
711 4413 855 4468 contineri.
