2998 4896
528 385 571 394 -
619 344 710 436 [ιιι]
756 385 799 394 -
1196 348 1237 414 οι

92 534 127 606 τὸ
151 533 214 628 γάρ
238 535 420 627 άνῶμαλον
442 549 501 630 τῆς
519 550 622 630 τομῆς
661 541 663 617 λ
704 541 935 628 σθενέστερον,
952 542 989 608 δέ
1007 539 1076 608 ἐστι
1100 595 1237 608 .....

91 645 277 736 παχύτητος
305 645 408 732 δόξαν
436 646 620 735 ἐργάζεται·
661 647 664 713 λ
760 703 766 714 .
788 701 794 714 .
820 642 859 714 τὸ
887 640 949 734 γάρ
978 643 1159 734 άνῶμαλον
1181 658 1239 736 τῆς

93 747 186 843 ὅπερ
209 765 398 824 ποιοῦσιν
421 755 459 824 οἱ
479 761 621 841 βυρσο-
661 744 664 867 i
702 764 806 843 τομῆς
822 753 1011 844 παχύτητος
1027 753 1129 838 δόξαν
1144 754 1238 844 ἐργά-

94 865 216 949 δε’ψαι.
661 882 665 949 χ
705 869 803 946 ζεται.

177 1035 229 1100 ει
253 1056 279 1099 v.
304 1035 384 1102 301:
909 1117 914 1127 ,

138 1141 159 1208 S
183 1163 206 1208 s,
230 1143 270 1226 gl.
294 1135 574 1220 Ἀδεκατεύτους·
662 1139 666 1201 Ι
938 1139 1010 1206 Κθε

93 1242 332 1336 άτελωνὴτονς,
356 1242 415 1327 τάς
438 1240 500 1335 γάρ
525 1244 622 1314 δεκά-
662 1215 665 1317 δ
705 1239 760 1334 Μὴ
781 1245 954 1313 δεδωκότα
973 1239 1031 1313 ἄπ’
1046 1241 1160 1314 αύτῶν
1174 1243 1236 1337 τὴν

91 1380 147 1434 τας
179 1364 248 1422 τῶν
283 1361 423 1422 κοιλιῶν
456 1363 527 1421 τῶν
560 1361 622 1420 θυ-
662 1328 664 1435 δ
705 1351 848 1442 δεκάτην
880 1367 1002 1442 μοῖραν
1032 1369 1103 1435 τοῖς
1133 1361 1235 1435 θεοῖς.

93 1463 222 1546 ομείων
251 1462 408 1530 ἐδίδοσαν
434 1456 497 1550 τὴν
527 1459 622 1528 δεκά-

92 1593 151 1656 την
178 1583 300 1656 μοῖραν
324 1569 365 1635 ἐν
391 1577 446 1655 τῷ
475 1594 621 1655 πρυτα-

93 1681 192 1743 νείω.

178 1865 227 1931 Ad
251 1887 279 1931 v.
303 1864 383 1930 369:

78 2001 103 2016 ’·
200 1989 222 2057 S
246 2013 270 2057 s.
292 1990 333 2076 gl.
356 1985 506 2060 Ξαλνειν·

94 2149 134 2163 ...
147 2151 154 2162 .
166 2094 198 2163 οἱ
206 2089 270 2183 γὰρ
283 2092 415 2183 βύρσεις
428 2090 488 2174 τάς
499 2091 622 2182 βύρσας

93 2201 199 2285 ξύλοις
213 2201 353 2270 τύπτειν
369 2200 541 2284 εἰώθασιν,
558 2201 622 2268 ἵνα

93 2303 236 2376 άπαλαὶ
254 2307 467 2396 γενόμεναι
487 2307 621 2375 διαλά-

92 2423 199 2498 βοιεν
228 2411 398 2505 εὐχερῶς
424 2424 495 2483 τοῦ
524 2439 620 2502 φαρ-

91 2522 225 2608 μάκου.

178 2695 235 2760 A&
258 2717 286 2761 τ.
309 2695 388 2761 518:

183 2817 204 2885 S
228 2842 251 2886 ε.
271 2819 313 2905 gl.
336 2811 533 2896 ’Κπετείους

94 2977 100 2988 .
124 2978 131 2990 .
157 2978 164 2990 .
187 2919 231 3014 μὴ
256 2926 474 3012 διαμένοντας
498 2923 534 2991 ἒν
553 2939 624 3003 τοῖς

92 3025 202 3112 αὐτοῖς
225 3026 300 3115 det,
324 3025 518 3120 άψικόρους.

176 3205 224 3270 Ad
246 3225 275 3268 v.
298 3203 378 3269 534:

205 3327 227 3394 S
250 3350 274 3394 s.
292 3328 333 3412 gl.
356 3330 502 3404 Κοννᾶς·

92 3485 98 3496 .
118 3485 124 3497 .
144 3485 151 3498 .
172 3423 207 3512 δς
225 3433 271 3512 εἰς
290 3427 332 3500 τά
352 3429 520 3518 συμπόσια
536 3456 618 3519 παρ-

92 3547 130 3625 ῆν
166 3532 215 3606 άεὶ
253 3539 456 3626 ἐστεμμένος.
499 3531 520 3627 ἢ
557 3531 618 3606 δτι

93 3638 337 3736 Ὀλυμπιονίκης
358 3644 538 3734 γενόμενος
560 3647 618 3713 πέ-

94 3777 149 3840 νης
186 3743 242 3841 ἦν,
283 3755 386 3842 μηδὲν
427 3752 565 3840 ἕτερον
597 3747 617 3840 ἢ

92 3856 225 3927 κότινον
245 3857 339 3946 ἔχων.
365 3853 456 3948 ἢδτι
476 3853 617 3948 αύλητὴς

92 3955 131 4054 ἦν
159 3961 305 4054 άριστος,
337 3965 506 4054 πενιχρός,
535 3973 616 4034 πολ-

92 4072 182 4154 λάκις
213 4078 456 4159 στεφανωθεὶς·
495 4068 547 4158 ἐφ’
575 4065 616 4141 οὗ

95 4185 251 4266 Κρατῖνος
281 4179 389 4249 εἶπεν·
420 4177 532 4250 Ἔσθιε
560 4184 616 4248 καὶ

95 4295 132 4371 σε]
150 4291 261 4374 γαστρὶ
282 4291 378 4356 δίδου
395 4286 503 4376 χάριν,
526 4283 617 4377 ὄφρα

95 4415 126 4460 σε
159 4387 248 4480 λιμὸς
280 4388 446 4482 Ἑχθαλρῃ,
483 4399 617 4474 Κοννᾶς
654 4468 657 4482 ¹

662 1463 665 1523 λ
705 1459 785 1540 ἔθος
806 1455 870 1550 γάρ
895 1459 985 1549 εἶχον
1007 1457 1067 1542 τάς
1096 1461 1237 1544 δεκάτας

704 1577 774 1635 τῶν
789 1570 971 1656 θυομένων·
985 1585 1071 1650 τοῖς
1088 1569 1236 1658 προτά-

704 1695 813 1742 νεσιν
833 1674 866 1742 οἱ
883 1673 1033 1764 μάχειροι
1049 1675 1234 1745 διδόναι...

935 1989 1006 2056 VO:

704 2148 709 2160 .
736 2149 742 2160 .
769 2148 774 2160 .
805 2149 810 2160 .
840 2099 896 2162 καὶ
928 2089 990 2184 χάρ
1022 2091 1082 2176 τάς
1112 2094 1236 2183 βύρσας

702 2198 812 2285 ξύλοις
828 2199 968 2269 τύπτειν
982 2200 1155 2285 εἰώθασιν,
1171 2203 1235 2271 λ’να

702 2303 850 2377 άπαλαὶ
882 2299 992 2377 ῶσιν·
1036 2309 1137 2378 ἔνιοι
1180 2312 1234 2392 δὲ,

703 2415 766 2483 ἵνα
800 2415 1029 2500 διαλάβοιεν
1067 2411 1235 2506 εὐχερῶς

702 2532 773 2590 τοῦ
797 2521 1015 2612 φαρμάκου.

931 2819 1002 2886 VO:

705 2977 711 2989 .
737 2977 743 2990 .
769 2977 776 2990 .
800 2917 844 3011 μὴ
864 2925 1082 3011 διαμένοντας
1104 2924 1141 2991 ἒν
1163 2940 1234 3004 τοῖς

704 3024 826 3112 αὐτοῖς,
851 3025 947 3099 άλλά
971 3025 1165 3119 ἁψικόρους.

933 3326 1006 3390 1⁷6:

701 3485 707 3497 .
733 3485 739 3497 .
766 3484 772 3497 .
798 3421 835 3510 δς
858 3430 903 3510 εἷς
923 3427 1091 3518 συμπόσια
1111 3427 1232 3517 παρῄει

700 3532 751 3605 άεὶ
775 3537 980 3623 ἐστεμμένος.
1006 3528 1105 3616 οὗτος
1124 3530 1231 3622 Ὀλυμ-

699 3647 853 3733 πιονίκης
875 3643 1055 3732 γενόμενος
1076 3647 1133 3710 καὶ
1150 3649 1231 3712 πολ-

699 3749 793 3832 λάκις
822 3755 1053 3836 στεφανωθεὶς
1076 3744 1232 3839 πενιχρὸς

699 3850 750 3949 ἦν,
777 3861 880 3948 μηδὲν
905 3857 990 3945 ἔχων
1014 3852 1100 3925 άλλ’
1128 3851 1230 3946 ἢκό-

698 3991 802 4034 τινον.
833 3957 1230 4054 ἐφόὗΚρατῑνοςεῖπεν·

692 4067 804 4141 Ἔσθιε
828 4077 885 4141 καὶ
909 4082 949 4158 σῖχ
973 4077 1027 4160 (τῇ
1050 4077 1092 4162 Θ)
1115 4075 1232 4158 γαστρὶ

699 4183 793 4248 δι’δου
819 4179 927 4267 χάριν,
956 4175 1045 4268 ὄρρα
1074 4201 1107 4246 σε
1138 4173 1231 4266 λιμὸς

698 4281 861 4375 Ἐχθαλρχ,
889 4292 1022 4365 Κοννᾶς
1051 4289 1086 4354 δὲ
1109 4292 1230 4354 πολυ-

1054 4503 1068 4556 7
