3034 4896
590 319 802 382 ..39-

125 514 159 573 et
184 527 263 573 cera
284 513 316 573 et
335 506 444 591 ignem
460 527 500 573 ex
516 505 624 572 nativo
637 503 678 572 'cc
693 506 819 572 mortali
836 525 968 592 corpore
983 513 1141 587 constare,
1168 525 1263 590 urgu-

124 610 247 676 mentis
269 611 431 695 probatur.
471 609 565 687 Quod
586 629 658 675 cum
681 610 864 676 universnm
887 610 929 676 ab
952 610 1012 676 hoc
1034 609 1104 676 loco
1125 609 1267 676 alienum

125 733 195 780 non
218 713 270 796 sit,
296 712 458 780 tamenin
481 712 617 796 singuiis
639 713 784 798 partibus
807 711 1009 780 offendimus.

216 817 323 900 Atque
345 835 428 900 quse
450 815 593 882 secunde
615 823 706 901 parte
734 817 803 899 (261
817 819 915 901 -72]
943 815 1158 896 continentur,
1192 836 1267 901 per-

127 921 264 987 fectiora
286 921 437 1004 leguntur
458 917 491 984 iu
515 920 598 986 sexti
620 919 694 986 libri
715 918 864 986 versibus
887 919 1064 1002 tot-38,
1091 919 1147 985 nbi
1170 919 1266 985 etiarn

127 1043 244 1090 versus
257 1024 329 1106 (269
339 1025 421 1106 sqq.)
435 1023 619 1106 percolatur
630 1023 712 1087 enim
723 1022 807 1087 uim
818 1045 887 1108 sqq.
903 1029 1041 1088 exstant.
1066 1021 1159 1100 Quod
1170 1030 1267 1108 pocta

128 1125 295 1193 contendit
315 1127 413 1191 maris
435 1145 538 1209 aquas
560 1125 679 1206 minui,
711 1126 773 1192 hoc
800 1146 883 1192 novo
913 1132 1102 1209 argumento
1130 1125 1164 1191 in
1187 1126 1267 1192 libro

130 1237 223 1297 sexto
245 1237 374 1296 auctum
397 1236 461 1297 est:

241 1337 302 1398 627
321 1342 491 1418 praeterea
513 1333 607 1398 docui
626 1334 758 1398 multum
781 1355 902 1419 quoque
925 1333 1034 1397 tollere
1055 1335 1151 1398 nubes

324 1458 462 1500 ammom
483 1459 595 1521 mapnc
618 1445 799 1519 conceptum
820 1459 859 1500 ee
879 1457 1014 1521 aequore
1029 1436 1134 1520 ponti,

325 1549 356 1604 ct
371 1539 495 1624 pascr'm
518 1548 582 1604 toto
607 1549 763 1605 terrarum
785 1561 934 1624 cparpere
955 1540 989 1603 irc
1011 1540 1090 1604 ordi.

133 1647 238 1728 Atque
261 1643 389 1710 omnino
406 1641 576 1727 descriptio
592 1643 692 1709 multo
707 1642 875 1709 iucundior
889 1661 928 1708 uc
943 1641 1113 1709 dilucidior
1128 1651 1179 1709 cst
1198 1644 1263 1728 (cfr.

132 1748 187 1826 VI,
203 1748 331 1812 ter-8
348 1766 420 1812 enm
427 1745 467 1826 V,
480 1748 653 1830 nos-72).
686 1746 857 1812 Praeterea
871 1745 986 1811 mirum
999 1755 1061 1834 est,
1077 1746 1162 1829 quod
1173 1754 1269 1831 poeta

132 1851 277 1917 inversu
294 1853 354 1915 627
379 1848 422 1915 ad
437 1849 536 1915 ulium
553 1848 636 1914 sexti
651 1849 725 1914 libri
740 1849 845 1914 locum
866 1853 938 1930 (503
949 1849 1033 1932 sqq.)
1053 1848 1194 1934 respicit,
1214 1851 1268 1915 ubi

134 1953 270 2019 eundem
286 1952 476 2020 sententium
492 1952 555 2017 ium
571 1952 757 2036 protulerat.
784 1953 835 2017 An
850 1971 927 2018 vero
943 1959 1048 2036 putus,
1068 1973 1140 2020 curn
1155 1973 1269 2020 versus

134 2058 261 2120 cer-8
277 2055 439 2136 scriberet,
458 2074 531 2120 enm
546 2073 610 2120 non
625 2053 811 2120 meminisse
832 2055 929 2139 plene
943 2055 1028 2121 idem
1045 2063 1268 2140 argumentum

135 2178 168 2224 se
179 2159 246 2224 iem
259 2158 358 2224 semel
370 2156 569 2242 exposuisse,
584 2161 681 2241 utque
694 2157 729 2222 in
740 2163 890 2239 quattuor
900 2157 1047 2224 versibus
1063 2158 1184 2225 eisdem
1197 2179 1270 2226 ver-

136 2262 184 2327 bis
206 2267 322 2326 usnm?
350 2262 453 2326 ‘Ponc
480 2260 564 2325 enim
595 2279 650 2326 ecs
673 2279 786 2326 versus
814 2261 848 2326 in
876 2268 967 2327 sexto
990 2261 1070 2328 libro
1093 2263 1269 2347 posteriore

136 2373 278 2450 ternpore
301 2364 437 2449 scriptos
461 2382 532 2430 esse
553 2381 650 2446 qnam
665 2363 699 2428 in
714 2363 836 2448 quinto.
875 2364 959 2428 Nem
981 2363 1061 2430 nihil
1077 2365 1166 2430 uliud
1180 2365 1266 2448 licet,

135 2468 161 2532 si
184 2468 331 2535 versibus
347 2467 401 2549 VI,
425 2469 572 2532 608-38
596 2485 667 2532 cum
683 2465 723 2546 V,
742 2469 890 2532 nor-72
913 2469 1106 2552 comparatis
1128 2470 1269 2535 attendi-

136 2591 204 2637 mus
216 2577 355 2656 poetcm
377 2569 462 2653 qnod
481 2571 582 2636 semel
593 2569 713 2655 optime
726 2570 931 2655 expresserit,
947 2571 1002 2635 rix
1013 2573 1098 2637 mule
1110 2579 1267 2657 repetere.

223 2674 289 2740 Sed
323 2674 418 2740 etiem
449 2671 545 2740 dictio
578 2672 610 2738 in
634 2672 672 2753 V,
699 2675 862 2737 tot-72
892 2672 991 2740 habet
1019 2693 1080 2758 quo
1109 2675 1265 2742 offendas.

135 2778 273 2842 Primnnr
296 2776 380 2843 enim
404 2775 481 2842 ordo
509 2796 548 2842 ec
579 2775 747 2860 dispositio
772 2795 922 2842 versuum
946 2779 1084 2842 264-ss
1108 2777 1266 2862 displicet.

135 2880 218 2944 Nam
234 2879 298 2944 duc
314 2879 371 2944 illu
386 2878 552 2946 enuntiata
563 2877 708 2944 musclis
724 2879 808 2964 quod
821 2879 908 2944 conti
920 2887 1079 2944 correntes
1094 2880 1271 2946 diminuunt

136 2982 293 3067 redirique
325 2989 468 3046 retexent
503 2981 663 3046 uethm'm
696 2981 746 3046 col
773 2988 806 3048 et
835 2983 920 3067 quod
945 2991 1053 3066 supter
1076 3005 1139 3066 per
1169 2992 1270 3050 terrae

135 3085 258 3150 diditur
286 3084 403 3166 omnir,
436 3083 513 3168 quia
541 3103 599 3170 per
624 3085 748 3167 purtim
769 3121 811 3132 -
833 3084 956 3166 partim
984 3084 1155 3152 coniuncta
1182 3094 1267 3169 sunt,

134 3190 175 3254 ab
199 3207 263 3253 uno
286 3187 452 3254 enuntiato
472 3187 623 3272 primario
645 3188 789 3272 pendere
817 3206 950 3253 necesse
977 3195 1043 3269 est,
1078 3188 1201 3254 scilieet
1229 3189 1270 3256 ab

134 3293 166 3354 in
181 3311 304 3354 comma
312 3289 362 3372 fit
375 3297 412 3354 ut
425 3290 474 3354 m'l
486 3311 576 3353 rumor
590 3290 737 3368 abundet,
755 3309 859 3373 neque
875 3309 950 3356 vero
967 3291 1062 3356 umbo
1077 3289 1118 3354 ud
1129 3291 1270 3374 primum

135 3393 288 3479 quecquid
300 3393 398 3478 aquut
412 3393 535 3458 tollitur
549 3393 721 3478 pertinent,
742 3393 902 3475 quoniam,
922 3393 949 3458 si
965 3393 1027 3459 hoc
1043 3399 1267 3477 statueremus,

134 3499 238 3564 alteru
253 3496 431 3563 enuntiatio
447 3495 586 3564 absurde
601 3502 698 3564 esset.
724 3497 838 3579 Itaque
854 3496 1094 3581 dispositionem
1110 3517 1272 3581 gramma·

135 3602 231 3666 ticum
247 3599 276 3664 si
291 3606 485 3684 spectamus,
501 3598 558 3664 illa
573 3600 672 3665 verbu
687 3599 927 3665 confirmatione
939 3607 1059 3680 carent,
1075 3619 1148 3665 cum
1160 3621 1272 3668 revere

138 3704 234 3769 verba
259 3704 345 3788 quod
363 3701 449 3766 renti
468 3711 625 3766 verrentes
640 3702 818 3766 diminuunt
833 3702 994 3788 radiisque
1008 3711 1150 3767 retexens
1165 3705 1272 3769 aethe-

137 3807 203 3868 rius
224 3806 275 3870 sol
295 3825 367 3872 earn
389 3805 580 3890 praebeant,
607 3805 756 3888 quoniam
788 3806 837 3871 sol
864 3812 896 3870 et
923 3812 1039 3871 ventus
1070 3807 1270 3890 superficiem
1400 3859 1402 3864 .

139 3915 258 3973 tantum
292 3908 439 3992 aequoris
473 3915 619 3991 tangunt.
667 3906 806 3974 Gravius
840 3914 946 3974 tamen
977 3907 1057 3974 illud
1086 3917 1152 3990 est,
1186 3910 1272 3994 quod

140 4011 285 4076 decursus
307 4033 464 4097 uquarum
484 4010 566 4096 (263)
594 4010 659 4076 alia
682 4009 915 4096 significatione
938 4011 1078 4096 positum
1097 4020 1147 4079 est
1162 4034 1202 4080 uc
1215 4017 1272 4078 de-

141 4137 244 4180 cursus
259 4135 415 4200 equorum
430 4113 464 4180 in
476 4115 529 4196 vl,
550 4117 612 4180 609
633 4120 676 4192 (ct
690 4116 838 4179 decursus
853 4115 952 4200 aquei
961 4116 986 4196 1,
1003 4118 1065 4181 283
1077 4117 1159 4199 etv,
1175 4119 1265 4202 946):

228 4218 263 4300 (Ι,
290 4220 352 4282 283
375 4218 531 4282 montibus
554 4240 591 4281 ce
613 4218 688 4282 altio
709 4240 842 4302 macnus
863 4220 886 4282 d
893 4241 1064 4284 ecurcuc
1085 4221 1214 4306 aquai
