3008 4884
237 352 278 415 aa
460 339 467 348 '
668 383 712 397 -
760 349 845 432 [aas]
891 381 935 395 -

240 539 371 604 verbum
394 538 428 603 in
451 556 542 602 suum
567 555 746 604 sermonem
774 556 837 602 non
865 535 988 620 recepit
995 560 1004 612 ;
1037 533 1078 600 es.
1104 533 1272 599 Antibarh.
1296 553 1362 618 pag.

241 645 303 706 375
325 659 373 723 sq.
422 638 558 724 Saepius
587 639 648 704 hoo
676 640 809 705 verbum
839 638 958 723 iegitur
986 656 1058 704 eum
1087 636 1164 704 alibi
1193 642 1261 702 tnm
1291 634 1366 720 apud

246 743 493 808 Iurisconsuitos
521 742 572 824 (of.
599 741 752 808 Dirkseni
775 740 936 825 Manuale)
963 741 1050 806 etin
1072 741 1168 822 Vulg.

327 847 349 928 r)
376 844 488 911 Cicero
512 843 687 912 meandum
710 863 761 926 ea,
788 863 870 926 quae
893 843 964 928 ipso
991 843 1157 928 professus
1179 850 1229 908 ost
1251 861 1297 907 or.
1322 845 1367 920 17,

244 952 302 1012 157
328 952 403 1029 (non
424 947 505 1026 scira
527 947 649 1031 quidam
672 946 841 1011 tartarum
856 946 920 1010 iam
935 946 1070 1024 videtur,
1095 946 1213 1009 nescim
1229 944 1369 1026 dulciaco),

243 1049 340 1134 plane
362 1049 496 1116 evitavit
517 1071 578 1112 aon
600 1049 690 1113 em'rc.
738 1047 830 1126 Quod
854 1057 887 1115 et
907 1047 993 1134 apud
1016 1055 1130 1133 poetas
1152 1048 1292 1114 comicos
1314 1046 1371 1130 legi

242 1151 443 1218 notissimum
467 1157 516 1217 est
541 1157 574 1217 et
603 1152 703 1218 semel
731 1151 981 1236 deprehenditur
1009 1151 1097 1236 apud
1120 1151 1215 1217 Corn.
1241 1151 1297 1231 IV,
1325 1153 1371 1226 17,

243 1256 283 1320 37
307 1276 397 1340 quom
419 1253 551 1318 dicimus
572 1275 629 1318 asos
645 1256 825 1338 praeterera
846 1263 902 1320 aot
923 1276 987 1343 aon
1008 1255 1089 1319 sca'rc
1107 1253 1262 1318 cornone
1277 1254 1374 1317 dicem

242 1358 278 1422 id
286 1379 368 1442 sqq.;
382 1357 475 1442 plura
487 1357 649 1440 congessit
656 1359 806 1441 exempla
814 1357 1008 1442 Allgayerus
1014 1357 1182 1424 Antibarh.
1193 1377 1272 1442 pag.
1284 1359 1370 1422 11119.

327 1461 409 1524 Tum
431 1459 605 1545 praecipue
627 1479 700 1525 cum
722 1458 786 1525 duo
808 1466 937 1544 praesto
957 1466 1049 1526 erant
1064 1459 1208 1526 eiusdem
1225 1459 1375 1543 simplicis

242 1564 341 1629 verba
362 1562 540 1647 composita
562 1561 647 1628 idem
672 1561 739 1629 fere
762 1562 992 1646 significantia,
1025 1563 1161 1629 altomm
1184 1582 1205 1626 a
1228 1561 1374 1628 Cicerone

242 1665 465 1752 improbatum,
492 1666 629 1732 aiterum
652 1670 814 1749 receptum
838 1673 898 1732 est.
944 1665 1053 1732 Veluti

335 1776 356 1846 ι)
384 1769 523 1832 Absamo
546 1787 605 1854 per
627 1787 738 1834 omnes
758 1768 936 1835 litterarum
958 1768 1129 1834 latinarum
1153 1774 1279 1834 aetates
1294 1767 1375 1852 apud

242 1871 359 1937 multos
382 1871 499 1954 legitur
522 1871 710 1956 scriptores;
737 1871 845 1937 inveni
868 1871 965 1952 enim,
991 1879 1027 1937 nt
1048 1871 1138 1938 brevi
1161 1878 1233 1937 utar
1248 1890 1376 1937 enume-

242 1973 378 2054 ratione,
404 1973 491 2057 apnd
507 1974 627 2052 Plaut„
652 1974 742 2054 Ten,
760 1976 850 2056 Ace,
870 1974 906 2038 P.
925 1974 1051 2042 Cornel.
1071 1973 1158 2057 Seip.
1182 1972 1281 2058 (apud
1295 1972 1374 2038 Geli.

243 2079 338 2159 617),
361 2081 410 2158 11,
430 2079 480 2160 9);
512 2077 617 2158 Varr,
650 2077 760 2159 huon,
793 2077 891 2156 Sall„
922 2083 1006 2143 auct.
1038 2077 1069 2141 b.
1102 2077 1211 2154 Alex„
1246 2075 1373 2152 Catuli,

243 2179 355 2262 Verg.,
373 2178 465 2256 Hor,
482 2179 640 2262 Propert,
655 2177 764 2257 Ovid.‚
783 2178 868 2260 Liv.,
883 2179 978 2258 lust,
992 2179 1076 2246 Veli.
1090 2179 1176 2257 Pet,
1193 2179 1264 2244 Val.
1279 2178 1375 2258 dian,

243 2281 320 2348 Son.
338 2280 429 2362 min,
457 2283 559 2360 Curt,
578 2281 717 2362 Colum,
737 2282 819 2348 Plin.
838 2283 927 2365 mai,
947 2283 1056 2350 Valer.
1073 2281 1196 2361 Flacc,
1215 2281 1275 2347 Sil.
1292 2282 1374 2360 itai,

245 2382 394 2461 Quintia,
431 2385 523 2463 Tac,
563 2383 647 2449 Plin.
685 2385 777 2468 mim,
816 2385 918 2466 Suet,
951 2385 1051 2466 Fron,
1087 2383 1274 2467 capitolin,
1305 2385 1379 2448 Arn-

245 2486 357 2567 mian.,
382 2486 511 2569 Veget,
538 2486 794 2570 luriaconsultos,
813 2489 925 2572 vulg„
951 2495 1011 2554 eto.
1030 2495 1093 2554 eto.
1134 2487 1381 2554 Contradicere

244 2589 305 2656 hoc
327 2590 458 2656 verbum
481 2589 605 2656 duobus
628 2597 751 2656 tantum
774 2591 853 2657 locis
876 2590 1024 2657 admisit:
1055 2589 1182 2668 Quinot.
1212 2593 1263 2670 10,
1284 2593 1323 2654 34
1345 2611 1381 2652 ne

155 2684 163 2696 ⁶
245 2693 376 2758 dicendo
406 2701 525 2777 tempus
552 2695 723 2773 obarmata,
751 2695 848 2761 Tusc.
873 2694 920 2776 H,
948 2697 980 2771 8,
999 2697 1039 2757 20
1067 2715 1181 2776 corpus
1209 2693 1300 2756 clade
1327 2691 1381 2756 ab·

246 2805 401 2878 sumptam
423 2795 464 2878 (in
487 2797 557 2862 loco
580 2817 620 2862 ex
637 2796 796 2881 Sophocle
811 2797 993 2878 translato);
1021 2815 1080 2862 nec
1095 2796 1201 2860 minas
1217 2795 1338 2862 Caeam
1352 2801 1385 2858 ct

246 2899 414 2966 Cornelius
428 2899 539 2984 Nepos
560 2899 621 2966 hoo
635 2900 733 2966 verbo
749 2918 880 2985 prorsus
896 2899 1129 2966 abstinuerunt.
1169 2898 1312 2964 Utuntur
1325 2917 1383 2962 au-

247 3009 310 3068 tem
326 3002 465 3086 optimae
481 3009 576 3068 notae
592 3001 764 3087 scriptores
778 3003 879 3068 altero
895 3002 992 3068 verbo
1007 3000 1183 3085 composito
1194 3004 1381 3080 consumat.

334 3111 355 3188 a)
384 3106 496 3168 Adedo
519 3105 584 3189 legi
607 3103 694 3190 apud
717 3104 858 3187 Sisenn.‚
884 3105 994 3188 Vmg„
1020 3105 1111 3180 Hor„
1137 3104 1247 3187 Prop,
1274 3103 1381 3178 Ovid,

248 3209 333 3288 Liv.,
359 3210 431 3274 Val.
457 3209 558 3290 Mars,
585 3207 725 3286 Colum,
751 3209 887 3286 Lucan,
912 3208 1055 3283 Patron,
1080 3207 1153 3272 Val.
1175 3207 1297 3284 Flam„
1323 3205 1383 3270 Sil.

248 3311 336 3392 ltah,
363 3309 510 3392 Quintia,
537 3311 629 3392 Tae,
648 3318 710 3378 etc.
728 3317 808 3391 ete.;
835 3310 922 3396 apud
940 3310 1124 3377 Ciceronem
1146 3328 1210 3374 non
1226 3310 1301 3394 plns
1316 3307 1382 3373 bis:

250 3412 376 3490 Quinot.
405 3417 455 3496 12,
475 3418 515 3477 40
539 3415 635 3480 adesa
651 3415 799 3497 pecunia,
825 3415 922 3480 Tuso.
948 3414 991 3490 11,
1019 3417 1069 3490 10,
1088 3415 1129 3476 24
1152 3413 1281 3476 adeam
1302 3411 1388 3474 acar

255 3514 297 3598 {in
327 3516 396 3582 loco
425 3536 466 3582 ex
493 3516 655 3602 Aeschylo
684 3519 802 3601 verso).
850 3518 976 3582 Aureae
1005 3515 1122 3583 aetatis
1151 3513 1322 3600 scriptores
1351 3516 1386 3576 ut

250 3619 344 3684 huius
373 3619 462 3685 verbi
484 3620 648 3687 notionem
677 3619 869 3706 exprimant,
897 3619 972 3686 aliis
994 3625 1125 3685 utuntur
1154 3617 1272 3696 verbis,
1297 3616 1388 3682 velut

323 3758 338 3819 ¹)
360 3737 454 3826 Ipsum
472 3755 643 3811 consumendi
658 3756 774 3812 verbum
792 3755 958 3813 Cornificius
983 3757 1024 3811 ita
1047 3761 1177 3824 usurpet,
1205 3759 1236 3810 ut
1256 3755 1334 3816 dicat
1357 3753 1386 3803 ot

250 3860 400 3897 consumere
418 3842 522 3912 als’qaa'd
539 3843 568 3896 s'n
589 3861 617 3896 ro
638 3841 738 3910 (111,a‚
754 3845 820 3907 3.8,
837 3845 875 3896 15.
896 3843 994 3908 13,·38.
1015 3840 1064 3908 IV,
1080 3844 1104 3907 7,
1123 3843 1162 3894 to.
1183 3843 1209 3906 8,
1225 3843 1252 3892 11
1268 3839 1319 3894 bts.
1343 3836 1381 3887 1²·

252 3931 292 3994 12,
309 3933 351 3984 la.
374 3931 415 3996 16,
430 3931 472 3982 23.
494 3932 536 3991 50,
551 3930 593 3992 63)
614 3933 644 3984 et
661 3929 690 3981 in
708 3947 773 3984 rom.
811 3928 889 3984 liaeo
907 3935 1001 3984 autem
1019 3932 1167 3991 structura,
1188 3941 1270 3996 qnam
1287 3923 1386 3980 Cioeffl

251 4015 374 4070 evitasse
392 4013 515 4076 videtur,
541 4015 616 4084 apud
640 4013 731 4084 ipsum
750 4012 927 4071 Cornificium
951 4014 1040 4069 multo
1064 4013 1154 4067 rarius
1178 4013 1281 4080 legitur
1301 4019 1383 4077 quam

252 4101 300 4154 iiia
318 4101 457 4168 superior:
478 4098 515 4166 11,
537 4101 579 4166 11,
595 4101 637 4152 43.
657 4098 709 4164 ΙΙΙ,
732 4103 830 4166 1125.
861 4099 1051 4155 Memorabilis
1069 4102 1113 4153 est
1130 4098 1208 4152 loous
1226 4096 1249 4161 1,
1267 4099 1290 4160 3,
1306 4097 1319 4144 i
1339 4092 1384 4143 in-

251 4186 338 4237 ventio
356 4187 384 4238 in
401 4205 448 4240 sec
460 4187 553 4255 partis
571 4187 745 4252 coneremitur,
767 4187 814 4243 nbi
833 4187 997 4241 consumitur
1014 4185 1087 4240 idern
1100 4183 1158 4238 iore
1172 4182 1298 4251 exprimit
1308 4173 1384 4246 quod

251 4269 388 4320 dt'os'da'tur:
426 4269 469 4324 Cf.
489 4271 638 4326 Antibarb.
659 4287 722 4341 pag.
744 4275 793 4325 284
812 4287 854 4340 sq.
