2982 4884
283 323 346 386 ιοι
720 358 762 372 -
810 321 893 404 [ree]
940 355 984 370 -

370 530 402 594 p.
422 511 514 576 64311
540 505 587 574 Τὸ
611 506 668 574 διὰ
690 507 803 596 πάσης
824 513 962 595 κεραίας
983 507 1100 596 διῆκον
1122 503 1247 592 πικρὸν
1268 505 1324 572 καὶ
1345 527 1413 570 νοε-

283 610 355 700 ρόν.
413 612 565 680 Roiskius
601 612 798 692 „insolentia
829 612 978 680 vocabuli
1014 608 1134 697 νοερόν
1165 608 1350 678 huiusmodi
1382 609 1413 674 in

284 716 400 784 rebns“
431 723 605 782 commotus
628 714 782 803 σφοδρόν
810 716 992 802 suspicetur
1016 716 1188 810 legendarii
1210 733 1294 782 csse.
1341 712 1413 778 Dio·

283 819 398 905 nysius
421 819 453 884 ni
476 819 572 886 fallor
594 819 722 904 scripsit
750 818 789 884 τὸ
815 869 878 884 ...
905 815 1030 906 πικρὸν
1051 819 1110 884 καὶ
1134 813 1342 905 φοβερόν;
1374 815 1410 882 ef.

282 925 456 1008 1511821155
478 914 591 1010 ὑψηλὴ
615 923 651 989 δὲ
674 923 732 988 καὶ
753 920 1015 1009 μεγαλοπρεπὴς
1039 915 1099 992 οὐκ
1121 920 1214 988 ἔστιν
1242 913 1260 1008 ἡ
1283 923 1414 988 Λυσίου

283 1026 373 1105 λέξις
399 1075 406 1088 .
428 1073 464 1090 ..
493 1019 571 1092 οὐδὲ
600 1024 638 1092 εδ
667 1023 824 1111 πικρὸν
853 1021 873 1112 ἢ
900 1022 939 1092 εδ
969 1023 1082 1092 δεινὸν
1109 1019 1131 1112 ἢ
1159 1021 1197 1090 τὸ
1229 1019 1413 1110 φοβερὸν

283 1126 526 1215 ἐπιφαίνουσα.
575 1131 680 1196 793155
703 1158 744 1188 =
765 1131 889 1196 8691555
910 1127 1070 1216 χρώματα
1099 1121 1133 1192 δ’
1152 1120 1254 1214 αὐτῆς
1282 1129 1337 1212 (sc.
1363 1131 1413 1210 τῆς

286 1230 496 1296 Θουκυδίδου
524 1231 655 1314 λέξεως)
683 1228 721 1297 τό
751 1255 786 1298 τε
808 1229 984 1318 στρυφνὸν
1005 1232 1063 1296 καλ
1092 1227 1135 1296 τὸ
1165 1227 1328 1315 πικρὸν
1352 1277 1360 1292 .
1380 1277 1411 1290 ..

282 1329 407 1398 καὶτὸ
431 1330 631 1419 φοβερόν.

369 1509 401 1574 p.
420 1493 526 1554 657555
551 1487 594 1554 Oi
612 1489 676 1572 μὲν
692 1478 753 1554 οὖν
774 1495 833 1576 τῆς
853 1483 959 1577 άκμῆς
976 1483 1081 1555 αὐτοῦ
1097 1485 1280 1575 φερόμενοι
1297 1489 1412 1572 ψευδε-

283 1597 454 1680 πίγραφοι
476 1591 525 1670 εἰς
547 1587 652 1658 αὐτὸν
681 1590 776 1678 λόγοι
798 1591 885 1659 εἰσὶν
907 1591 986 1676 οἵδε,
1013 1591 1099 1676 μετὰ
1120 1591 1157 1658 di
1180 1590 1242 1682 τὴν
1264 1591 1300 1673 ἐξ
1315 1587 1411 1680 Ἀδη-

280 1703 350 1763 νῶν
382 1695 430 1773 εἰς
452 1695 609 1761 Χαλκίδα
632 1691 845 1784 ἀναχώρησιν
877 1695 958 1762 o‘r'de.
1005 1695 1190 1778 Orationes,
1228 1696 1271 1763 de
1303 1697 1410 1780 qnibns

282 1801 457 1886 Dionysius
480 1800 574 1866 modo
589 1799 681 1880 dixit,
708 1808 783 1867 ente
806 1799 931 1867 virilem
950 1799 1104 1866 Dinarchi
1127 1807 1266 1867 nentem
1290 1799 1410 1866 habitae

282 1911 368 1970 snut.
422 1904 536 1988 itaque
569 1909 626 1990 τῆς
660 1898 768 1991 ἀκμῆς
801 1923 866 1970 non
900 1909 987 1972 recte
1020 1904 1155 1988 legitur,
1196 1911 1228 1970 ct
1260 1903 1410 1988 sagaciter

283 2007 435 2073 Reiskins
458 2002 683 2093 πρεσβύτεροι
711 2007 913 2074 intercidisse
940 2007 1122 2093 suspicatus
1144 2013 1194 2074 est
1216 2007 1352 2086 nolletis,
1380 2006 1408 2071 ni

282 2109 394 2191 folior,
428 2109 536 2176 verbis
558 2131 592 2194 p.
612 2111 703 2174 65655
733 2109 806 2174 ἔστι
834 2109 999 2176 δὲταῦτα
1023 2107 1236 2196 πρεσβύτεροι
1259 2117 1317 2198 τῆς
1338 2114 1408 2174 Δει-

282 2209 409 2299 νάρχου
432 2208 538 2300 άκμῑγς
560 2213 612 2278 vel
634 2235 666 2298 p.
685 2215 776 2278 65715
803 2209 1032 2300 πρεσβύτερός
1055 2211 1127 2278 ἐστι
1148 2220 1206 2300 τῆς
1229 2211 1408 2298 Δεινάρχου

283 2311 401 2404 ἀκμῆς.
448 2315 575 2384 Deinde
597 2315 745 2400 Dionysii
767 2315 962 2382 consuetudo
991 2335 1050 2401 pro
1077 2311 1263 2402 φερόμενοι
1288 2317 1408 2402 requirit

281 2414 544 2506 ἀναφερόμενοι,
570 2419 612 2484 ci'.
630 2441 663 2504 p.
680 2423 756 2484 4761
780 2413 864 2486 ὅταν
878 2419 1032 2506 διαπορῶ
1046 2424 1127 2506 περὶ
1147 2443 1240 2497 τινος
1255 2428 1321 2486 τῶν
1335 2415 1406 2486 doa-

282 2527 483 2610 φιρσμένων
505 2521 553 2599 εἰς
575 2516 680 2588 αὐτὸν
702 2520 822 2606 λόγων.
869 2527 962 2588 47711
984 2521 1132 2600 πολλοὺς
1154 2529 1220 2589 τῶν
1246 2517 1406 2610 άναφερο-
1474 2545 1475 2574 i

281 2629 395 2709 μένων
423 2624 471 2702 εἰς
501 2620 606 2691 αὐτὸν
635 2619 754 2710 λόγιον.
803 2629 892 2692 47911
927 2626 1045 2691 ..καὶ
1071 2619 1177 2714 αὐτὴν
1203 2625 1252 2704 εἰς
1280 2631 1405 2693 Λυσίαν
1474 2581 1475 2667 i

281 2723 551 2816 ἀναφερομένην.
590 2729 738 2812 Denique
757 2730 936 2816 propriore
959 2728 1039 2812 οἵδε,
1066 2729 1151 2814 quod
1165 2738 1277 2797 contre
1291 2751 1403 2797 omnem

282 2833 398 2899 Gracci
421 2831 575 2899 sermonis
604 2832 758 2898 rationem
782 2833 949 2900 exhibetur
979 2839 1012 2900 et
1039 2841 1151 2918 aperte
1179 2853 1220 2900 ex
1241 2835 1403 2919 posteriore

281 2935 468 3022 pronomine
482 2935 639 3019 originem
654 2935 755 3016 duxit,
782 2936 873 3020 leges
896 2927 1033 3019 οὗτοι,
1060 2935 1101 3002 ci.
1119 2957 1148 3004 e.
1164 2957 1197 3020 g.
1215 2959 1247 3022 p.
1265 2941 1317 3004 781
1341 2961 1403 3023 φα-
1472 3003 1473 3008 ,

279 3045 430 3127 νηένοων
450 3039 513 3122 μὲν
536 3029 596 3106 οὖν
624 3037 832 3124 γραμμάτων
862 3034 945 3127 αὕτη
975 3033 1138 3128 ἡφύσις,
1172 3035 1354 3128 ἡμιφώνων
1372 3041 1402 3106 δὲ

281 3141 426 3212 τοιάδε.1
456 3145 685 3229 tetraptoton
712 3143 775 3226 μὲν
805 3142 844 3231 δὴ
867 3139 1030 3231 θεώρημα
1052 3151 1152 3212 τοῦτο
1180 3151 1248 3212 τῶν
1278 3144 1314 3212 ἐν
1340 3155 1402 3218 ταῖς

277 3248 467 3330 συλλαβαῖς
489 3251 627 3328 παθῶν,
654 3245 770 3332 ἕτερον
792 3246 829 3314 δὲ
852 3243 994 3316 τοιόνδε.
1471 3233 1472 3260 ἦ

367 3421 400 3486 p.
420 3403 526 3466 660155
546 3400 594 3466 ite
608 3399 758 3484 legerim:
786 3393 856 3466 ὅδὲ
873 3397 960 3488 πρὸς
975 3401 1144 3487 Περικλέα
1162 3402 1219 3466 καὶ
1234 3399 1402 3490 Διγμονρά-
1470 3449 1471 3456 r

280 3528 342 3591 τον
361 3507 414 3587 (sc.
434 3502 533 3588 λόγος
556 3497 753 3591 ἀφαιρεῖται
769 3497 881 3587 αὐτοῦ)
905 3552 962 3568 ...
989 3501 1045 3569 διά
1067 3527 1101 3570 τε
1122 3503 1181 3571 τόν
1202 3514 1397 3593 χαρακτῆρα·

277 3601 406 3695 ὑδαρής
419 3605 507 3696 (τε)
521 3605 583 3694 γὰρ
600 3607 656 3672 καὶ
672 3612 853 3689 κεχυμένος
868 3605 925 3672 καὶ
942 3603 1072 3692 ψυχρός
1090 3608 1173 3691 κτλ,
1199 3609 1240 3674 ci.
1259 3631 1292 3695 p.
1307 3613 1400 3676 659115

281 3706 346 3776 drr'
366 3705 471 3778 αὐτοῦ
493 3717 554 3776 τοῦ
575 3717 785 3798 χαρακτῆρος
812 3705 905 3795 εὕροι
934 3733 984 3788 τις
1012 3705 1054 3776 ἂν
1077 3703 1137 3776 οὐκ
1160 3708 1242 3777 ὄντα
1270 3711 1329 3778 τὸν
1354 3707 1401 3776 λό-

282 3839 343 3900 γον
373 3811 581 3902 Δεινάρχου·
615 3807 742 3902 όδαρής
771 3838 807 3880 τε
837 3812 900 3900 γὰρ
930 3815 987 3878 καλ
1020 3808 1168 3902 ἀσθενὴς
1197 3816 1255 3880 καλ
1286 3813 1400 3900 ψυχρός

282 3919 385 3985 ἐστιν.
439 3917 584 3984 Eundem
616 3918 806 4003 porticulum
839 3940 874 3983 re
907 3915 958 3982 his
994 3924 1162 4003 praetereo
1198 3919 1277 3986 iocis
1309 3917 1396 3984 eddo:

280 4043 313 4108 p.
331 4025 423 4087 77315
447 4017 630 4100 διεξελθών
652 4043 687 4085 τε
711 4017 851 4106 πράξεις
870 4012 1115 4108 Ἑλλήνιονᾲε)
1138 4022 1195 4085 καὶ
1216 4020 1395 4107 βαρβάρων.

279 4126 319 4191 cl.
345 4146 378 4209 p.
397 4127 490 4190 53611
518 4118 615 4188 άλλοι
642 4121 702 4200 τὰς
724 4120 839 4198 κοινὰς
868 4129 933 4188 τῶν
952 4117 1116 4211 Ἑλλήνων
1139 4147 1173 4189 νε
1203 4126 1259 4189 καὶ
1281 4117 1396 4208 βαρβά-

279 4249 349 4311 ριον
380 4224 521 4312 πράξεις
554 4219 764 4311 ἀνέγραψαν.
812 4227 903 4292 76811
934 4219 1016 4313 ἡτὰ
1038 4225 1224 4310 θαυμαστά
1246 4227 1323 4315 ἔργα
1344 4224 1392 4308 δο-
