<?xml version="1.0" encoding="UTF-8"?>
<!DOCTYPE html PUBLIC "-//W3C//DTD XHTML 1.0 Transitional//EN"
    "http://www.w3.org/TR/xhtml1/DTD/xhtml1-transitional.dtd">
<html xmlns="http://www.w3.org/1999/xhtml" xml:lang="en" lang="en">
 <head>
  <title>
</title>
<meta http-equiv="Content-Type" content="text/html;charset=utf-8" />
  <meta name='ocr-system' content='tesseract 3.04.00' />
  <meta name='ocr-capabilities' content='ocr_page ocr_carea ocr_par ocr_line ocrx_word'/>
</head>
<body>
  <div class='ocr_page' id='page_1' title='image "./dissertationesp02unkngoog/dissertationesp02unkngoog_0101.png"; bbox 0 0 3010 4896; ppageno 0'>
   <div class='ocr_carea' id='block_1_1' title="bbox 268 309 963 392">
    <p class='ocr_par' dir='ltr' id='par_1_1' title="bbox 268 309 963 392">
     <span class='ocr_line' id='line_1_1' title="bbox 268 309 963 392; baseline -0.003 -18"><span class='ocrx_word' id='word_1_1' title='bbox 268 309 310 374; x_wconf 81' lang='lat' dir='ltr'>aa</span> <span class='ocrx_word' id='word_1_2' title='bbox 711 346 753 356; x_wconf 90' lang='lat'><em>-</em></span> <span class='ocrx_word' id='word_1_3' title='bbox 800 309 874 392; x_wconf 85' lang='lat'>[92]</span> <span class='ocrx_word' id='word_1_4' title='bbox 920 347 963 355; x_wconf 93' lang='lat'><em>-</em></span> 
     </span>
    </p>
   </div>
   <div class='ocr_carea' id='block_1_2' title="bbox 264 501 1414 2190">
    <p class='ocr_par' dir='ltr' id='par_1_2' title="bbox 265 501 1414 1868">
     <span class='ocr_line' id='line_1_2' title="bbox 268 501 1411 571; baseline -0.003 -2"><span class='ocrx_word' id='word_1_5' title='bbox 268 505 454 570; x_wconf 84' lang='lat' dir='ltr'>Mutinensis</span> <span class='ocrx_word' id='word_1_6' title='bbox 485 504 652 571; x_wconf 86' lang='lat' dir='ltr'>collatione</span> <span class='ocrx_word' id='word_1_7' title='bbox 683 505 840 569; x_wconf 88' lang='lat' dir='ltr'>instituta</span> <span class='ocrx_word' id='word_1_8' title='bbox 895 503 1012 568; x_wconf 89' lang='lat' dir='ltr'>Tamen</span> <span class='ocrx_word' id='word_1_9' title='bbox 1044 508 1080 566; x_wconf 92' lang='lat' dir='ltr'>ut</span> <span class='ocrx_word' id='word_1_10' title='bbox 1107 501 1286 568; x_wconf 84' lang='lat' dir='ltr'>Nietaachio</span> <span class='ocrx_word' id='word_1_11' title='bbox 1316 541 1355 550; x_wconf 80' lang='lat'>—</span> <span class='ocrx_word' id='word_1_12' title='bbox 1386 502 1411 566; x_wconf 90' lang='lat' dir='ltr'>is</span> 
     </span>
     <span class='ocr_line' id='line_1_3' title="bbox 267 609 1412 694; baseline -0.003 -18"><span class='ocrx_word' id='word_1_13' title='bbox 267 613 349 677; x_wconf 91' lang='lat' dir='ltr'>enim</span> <span class='ocrx_word' id='word_1_14' title='bbox 373 633 445 676; x_wconf 91' lang='lat' dir='ltr'>cum</span> <span class='ocrx_word' id='word_1_15' title='bbox 467 611 763 678; x_wconf 78' lang='lat' dir='ltr'>commentationem</span> <span class='ocrx_word' id='word_1_16' title='bbox 786 631 875 676; x_wconf 90' lang='lat' dir='ltr'>snam</span> <span class='ocrx_word' id='word_1_17' title='bbox 898 609 1059 687; x_wconf 76' lang='lat' dir='ltr'>scriberet,</span> <span class='ocrx_word' id='word_1_18' title='bbox 1082 609 1154 675; x_wconf 88' lang='lat' dir='ltr'>illos</span> <span class='ocrx_word' id='word_1_19' title='bbox 1175 631 1285 674; x_wconf 84' lang='lat' dir='ltr'>versus</span> <span class='ocrx_word' id='word_1_20' title='bbox 1311 611 1412 694; x_wconf 90' lang='lat' dir='ltr'>repeti</span> 
     </span>
     <span class='ocr_line' id='line_1_4' title="bbox 266 716 1412 801; baseline -0.001 -20"><span class='ocrx_word' id='word_1_21' title='bbox 266 717 405 783; x_wconf 91' lang='lat' dir='ltr'>nondum</span> <span class='ocrx_word' id='word_1_22' title='bbox 434 725 629 801; x_wconf 77' lang='lat' dir='ltr'>compererat</span> <span class='ocrx_word' id='word_1_23' title='bbox 658 758 697 766; x_wconf 88' lang='lat'><em>-</em></span> <span class='ocrx_word' id='word_1_24' title='bbox 728 717 935 784; x_wconf 79' lang='lat' dir='ltr'>satisfaciam:</span> <span class='ocrx_word' id='word_1_25' title='bbox 967 739 1007 782; x_wconf 94' lang='lat' dir='ltr'>ne</span> <span class='ocrx_word' id='word_1_26' title='bbox 1036 717 1085 782; x_wconf 87' lang='lat' dir='ltr'>his</span> <span class='ocrx_word' id='word_1_27' title='bbox 1113 717 1240 800; x_wconf 87' lang='lat' dir='ltr'>quidem</span> <span class='ocrx_word' id='word_1_28' title='bbox 1268 716 1412 782; x_wconf 87' lang='lat' dir='ltr'>distichis</span> 
     </span>
     <span class='ocr_line' id='line_1_5' title="bbox 267 821 1412 908; baseline -0.001 -19"><span class='ocrx_word' id='word_1_29' title='bbox 267 825 413 908; x_wconf 88' lang='lat' dir='ltr'>repetitis</span> <span class='ocrx_word' id='word_1_30' title='bbox 430 823 491 888; x_wconf 82' lang='lat' dir='ltr'>riri</span> <span class='ocrx_word' id='word_1_31' title='bbox 514 824 688 890; x_wconf 88' lang='lat' dir='ltr'>doctissimi</span> <span class='ocrx_word' id='word_1_32' title='bbox 711 825 818 908; x_wconf 90' lang='lat' dir='ltr'>opinio</span> <span class='ocrx_word' id='word_1_33' title='bbox 842 821 1053 890; x_wconf 88' lang='lat' dir='ltr'>confirmatur.</span> <span class='ocrx_word' id='word_1_34' title='bbox 1099 823 1208 908; x_wconf 88' lang='lat' dir='ltr'>Neque</span> <span class='ocrx_word' id='word_1_35' title='bbox 1228 827 1355 890; x_wconf 92' lang='lat' dir='ltr'>omnino</span> <span class='ocrx_word' id='word_1_36' title='bbox 1374 845 1412 888; x_wconf 91' lang='lat' dir='ltr'>eo</span> 
     </span>
     <span class='ocr_line' id='line_1_6' title="bbox 266 930 1412 1016; baseline 0 -23"><span class='ocrx_word' id='word_1_37' title='bbox 266 930 314 994; x_wconf 90' lang='lat' dir='ltr'>uti</span> <span class='ocrx_word' id='word_1_38' title='bbox 336 931 412 996; x_wconf 90' lang='lat' dir='ltr'>licet</span> <span class='ocrx_word' id='word_1_39' title='bbox 435 931 467 996; x_wconf 91' lang='lat' dir='ltr'>in</span> <span class='ocrx_word' id='word_1_40' title='bbox 489 931 550 996; x_wconf 85' lang='lat' dir='ltr'>hec</span> <span class='ocrx_word' id='word_1_41' title='bbox 572 931 755 998; x_wconf 86' lang='lat' dir='ltr'>collectione</span> <span class='ocrx_word' id='word_1_42' title='bbox 779 936 978 1014; x_wconf 88' lang='lat' dir='ltr'>argumente,</span> <span class='ocrx_word' id='word_1_43' title='bbox 1006 950 1068 1016; x_wconf 91' lang='lat' dir='ltr'>quo</span> <span class='ocrx_word' id='word_1_44' title='bbox 1091 930 1123 994; x_wconf 92' lang='lat' dir='ltr'>in</span> <span class='ocrx_word' id='word_1_45' title='bbox 1147 933 1252 1014; x_wconf 85' lang='lat' dir='ltr'>priore</span> <span class='ocrx_word' id='word_1_46' title='bbox 1275 933 1317 996; x_wconf 87' lang='lat' dir='ltr'>ad</span> <span class='ocrx_word' id='word_1_47' title='bbox 1339 951 1412 996; x_wconf 93' lang='lat' dir='ltr'>sen-</span> 
     </span>
     <span class='ocr_line' id='line_1_7' title="bbox 266 1037 1412 1115; baseline -0.001 -13"><span class='ocrx_word' id='word_1_48' title='bbox 266 1040 438 1104; x_wconf 89' lang='lat' dir='ltr'>tentiarum</span> <span class='ocrx_word' id='word_1_49' title='bbox 456 1038 597 1103; x_wconf 86' lang='lat' dir='ltr'>ordinem</span> <span class='ocrx_word' id='word_1_50' title='bbox 617 1038 842 1104; x_wconf 88' lang='lat' dir='ltr'>declarandum</span> <span class='ocrx_word' id='word_1_51' title='bbox 860 1037 1057 1103; x_wconf 88' lang='lat' dir='ltr'>Nietzsohius</span> <span class='ocrx_word' id='word_1_52' title='bbox 1075 1058 1150 1102; x_wconf 88' lang='lat' dir='ltr'>usus</span> <span class='ocrx_word' id='word_1_53' title='bbox 1169 1042 1225 1115; x_wconf 86' lang='lat' dir='ltr'>est,</span> <span class='ocrx_word' id='word_1_54' title='bbox 1248 1037 1323 1102; x_wconf 91' lang='lat' dir='ltr'>olim</span> <span class='ocrx_word' id='word_1_55' title='bbox 1341 1059 1412 1102; x_wconf 87' lang='lat' dir='ltr'>eam</span> 
     </span>
     <span class='ocr_line' id='line_1_8' title="bbox 266 1143 1413 1230; baseline 0.003 -23"><span class='ocrx_word' id='word_1_56' title='bbox 266 1144 362 1210; x_wconf 86' lang='lat' dir='ltr'>fuisse</span> <span class='ocrx_word' id='word_1_57' title='bbox 385 1146 542 1211; x_wconf 85' lang='lat' dir='ltr'>similibus</span> <span class='ocrx_word' id='word_1_58' title='bbox 561 1144 665 1210; x_wconf 82' lang='lat' dir='ltr'>verbis</span> <span class='ocrx_word' id='word_1_59' title='bbox 684 1149 870 1230; x_wconf 86' lang='lat' dir='ltr'>pertextam.</span> <span class='ocrx_word' id='word_1_60' title='bbox 911 1143 992 1210; x_wconf 86' lang='lat' dir='ltr'>Nam</span> <span class='ocrx_word' id='word_1_61' title='bbox 1011 1144 1165 1229; x_wconf 88' lang='lat' dir='ltr'>siquidem</span> <span class='ocrx_word' id='word_1_62' title='bbox 1182 1145 1298 1229; x_wconf 90' lang='lat' dir='ltr'>prioris</span> <span class='ocrx_word' id='word_1_63' title='bbox 1316 1143 1413 1228; x_wconf 80' lang='lat' dir='ltr'>syllo-</span> 
     </span>
     <span class='ocr_line' id='line_1_9' title="bbox 265 1251 1411 1336; baseline -0.002 -20"><span class='ocrx_word' id='word_1_64' title='bbox 265 1271 324 1332; x_wconf 88' lang='lat' dir='ltr'>gae</span> <span class='ocrx_word' id='word_1_65' title='bbox 348 1251 525 1336; x_wconf 88' lang='lat' dir='ltr'>fragmenta</span> <span class='ocrx_word' id='word_1_66' title='bbox 547 1251 697 1318; x_wconf 91' lang='lat' dir='ltr'>similium</span> <span class='ocrx_word' id='word_1_67' title='bbox 720 1251 942 1318; x_wconf 82' lang='lat' dir='ltr'>vocabulorum</span> <span class='ocrx_word' id='word_1_68' title='bbox 966 1272 1025 1335; x_wconf 91' lang='lat' dir='ltr'>ope</span> <span class='ocrx_word' id='word_1_69' title='bbox 1048 1253 1206 1336; x_wconf 90' lang='lat' dir='ltr'>quondam</span> <span class='ocrx_word' id='word_1_70' title='bbox 1225 1273 1342 1317; x_wconf 90' lang='lat' dir='ltr'>conexa</span> <span class='ocrx_word' id='word_1_71' title='bbox 1361 1251 1411 1316; x_wconf 86' lang='lat' dir='ltr'>vel</span> 
     </span>
     <span class='ocr_line' id='line_1_10' title="bbox 265 1357 1413 1442; baseline -0.002 -20"><span class='ocrx_word' id='word_1_72' title='bbox 265 1358 370 1440; x_wconf 89' lang='lat' dir='ltr'>potius</span> <span class='ocrx_word' id='word_1_73' title='bbox 397 1359 613 1442; x_wconf 83' lang='lat' dir='ltr'>conglutinata</span> <span class='ocrx_word' id='word_1_74' title='bbox 641 1381 708 1425; x_wconf 85' lang='lat' dir='ltr'>csse</span> <span class='ocrx_word' id='word_1_75' title='bbox 736 1358 827 1423; x_wconf 90' lang='lat' dir='ltr'>nobis</span> <span class='ocrx_word' id='word_1_76' title='bbox 854 1357 1044 1423; x_wconf 87' lang='lat' dir='ltr'>videbantur</span> <span class='ocrx_word' id='word_1_77' title='bbox 1065 1358 1106 1423; x_wconf 91' lang='lat' dir='ltr'>ad</span> <span class='ocrx_word' id='word_1_78' title='bbox 1128 1357 1311 1423; x_wconf 88' lang='lat' dir='ltr'>memoriam</span> <span class='ocrx_word' id='word_1_79' title='bbox 1333 1379 1413 1440; x_wconf 90' lang='lat' dir='ltr'>pun·</span> 
     </span>
     <span class='ocr_line' id='line_1_11' title="bbox 265 1465 1412 1549; baseline 0 -21"><span class='ocrx_word' id='word_1_80' title='bbox 265 1486 372 1530; x_wconf 91' lang='lat' dir='ltr'>rorum</span> <span class='ocrx_word' id='word_1_81' title='bbox 394 1467 619 1543; x_wconf 87' lang='lat' dir='ltr'>adiuvandam,</span> <span class='ocrx_word' id='word_1_82' title='bbox 645 1467 677 1529; x_wconf 93' lang='lat' dir='ltr'>in</span> <span class='ocrx_word' id='word_1_83' title='bbox 700 1465 760 1530; x_wconf 88' lang='lat' dir='ltr'>hac</span> <span class='ocrx_word' id='word_1_84' title='bbox 782 1465 903 1531; x_wconf 91' lang='lat' dir='ltr'>minore</span> <span class='ocrx_word' id='word_1_85' title='bbox 927 1465 1048 1549; x_wconf 79' lang='lat' dir='ltr'>sylloge</span> <span class='ocrx_word' id='word_1_86' title='bbox 1071 1466 1223 1530; x_wconf 88' lang='lat' dir='ltr'>eiusmodi</span> <span class='ocrx_word' id='word_1_87' title='bbox 1246 1465 1412 1530; x_wconf 87' lang='lat' dir='ltr'>adiumen-</span> 
     </span>
     <span class='ocr_line' id='line_1_12' title="bbox 265 1571 1413 1657; baseline 0 -23"><span class='ocrx_word' id='word_1_88' title='bbox 265 1576 333 1635; x_wconf 92' lang='lat' dir='ltr'>tum</span> <span class='ocrx_word' id='word_1_89' title='bbox 351 1593 466 1637; x_wconf 84' lang='lat' dir='ltr'>vanum</span> <span class='ocrx_word' id='word_1_90' title='bbox 485 1573 580 1639; x_wconf 88' lang='lat' dir='ltr'>fuisse</span> <span class='ocrx_word' id='word_1_91' title='bbox 598 1578 740 1657; x_wconf 89' lang='lat' dir='ltr'>apparet,</span> <span class='ocrx_word' id='word_1_92' title='bbox 758 1572 874 1656; x_wconf 91' lang='lat' dir='ltr'>quippe</span> <span class='ocrx_word' id='word_1_93' title='bbox 893 1593 987 1655; x_wconf 88' lang='lat' dir='ltr'>quam</span> <span class='ocrx_word' id='word_1_94' title='bbox 1006 1571 1048 1636; x_wconf 90' lang='lat' dir='ltr'>ad</span> <span class='ocrx_word' id='word_1_95' title='bbox 1067 1572 1277 1638; x_wconf 86' lang='lat' dir='ltr'>instituendos</span> <span class='ocrx_word' id='word_1_96' title='bbox 1296 1593 1413 1656; x_wconf 85' lang='lat' dir='ltr'>pueros</span> 
     </span>
     <span class='ocr_line' id='line_1_13' title="bbox 265 1677 1414 1762; baseline 0 -20"><span class='ocrx_word' id='word_1_97' title='bbox 265 1699 285 1742; x_wconf 92' lang='lat' dir='ltr'>a</span> <span class='ocrx_word' id='word_1_98' title='bbox 307 1681 521 1761; x_wconf 85' lang='lat' dir='ltr'>grammaticis</span> <span class='ocrx_word' id='word_1_99' title='bbox 547 1701 696 1762; x_wconf 87' lang='lat' dir='ltr'>umquam</span> <span class='ocrx_word' id='word_1_100' title='bbox 723 1685 779 1744; x_wconf 87' lang='lat' dir='ltr'>aut</span> <span class='ocrx_word' id='word_1_101' title='bbox 807 1680 1010 1762; x_wconf 90' lang='lat' dir='ltr'>compositam</span> <span class='ocrx_word' id='word_1_102' title='bbox 1032 1684 1089 1743; x_wconf 91' lang='lat' dir='ltr'>aut</span> <span class='ocrx_word' id='word_1_103' title='bbox 1111 1678 1288 1743; x_wconf 85' lang='lat' dir='ltr'>adhibitam</span> <span class='ocrx_word' id='word_1_104' title='bbox 1312 1677 1414 1742; x_wconf 88' lang='lat' dir='ltr'>fuisse</span> 
     </span>
     <span class='ocr_line' id='line_1_14' title="bbox 265 1784 705 1868; baseline 0.007 -21"><span class='ocrx_word' id='word_1_105' title='bbox 265 1784 316 1848; x_wconf 81' lang='lat' dir='ltr'>vix</span> <span class='ocrx_word' id='word_1_106' title='bbox 339 1785 503 1868; x_wconf 82' lang='lat' dir='ltr'>qnisquam</span> <span class='ocrx_word' id='word_1_107' title='bbox 527 1786 705 1852; x_wconf 90' lang='lat' dir='ltr'>crediderit.</span> 
     </span>
    </p>

    <p class='ocr_par' dir='ltr' id='par_1_3' title="bbox 264 1890 1413 2190">
     <span class='ocr_line' id='line_1_15' title="bbox 353 1890 1413 1976; baseline -0.001 -20"><span class='ocrx_word' id='word_1_108' title='bbox 353 1891 421 1956; x_wconf 87' lang='lat' dir='ltr'>Iam</span> <span class='ocrx_word' id='word_1_109' title='bbox 439 1914 513 1958; x_wconf 85' lang='lat' dir='ltr'>vero</span> <span class='ocrx_word' id='word_1_110' title='bbox 537 1894 708 1976; x_wconf 81' lang='lat' dir='ltr'>quaeritur,</span> <span class='ocrx_word' id='word_1_111' title='bbox 731 1914 793 1976; x_wconf 91' lang='lat' dir='ltr'>quo</span> <span class='ocrx_word' id='word_1_112' title='bbox 816 1893 909 1958; x_wconf 89' lang='lat' dir='ltr'>modo</span> <span class='ocrx_word' id='word_1_113' title='bbox 933 1893 1011 1958; x_wconf 89' lang='lat' dir='ltr'>haec</span> <span class='ocrx_word' id='word_1_114' title='bbox 1034 1892 1176 1958; x_wconf 91' lang='lat' dir='ltr'>collectio</span> <span class='ocrx_word' id='word_1_115' title='bbox 1200 1890 1336 1958; x_wconf 88' lang='lat' dir='ltr'>conflata</span> <span class='ocrx_word' id='word_1_116' title='bbox 1359 1891 1413 1956; x_wconf 85' lang='lat' dir='ltr'>sit</span> 
     </span>
     <span class='ocr_line' id='line_1_16' title="bbox 265 1993 1411 2084; baseline -0.001 -22"><span class='ocrx_word' id='word_1_117' title='bbox 265 1999 368 2083; x_wconf 71' lang='lat' dir='ltr'>Atque</span> <span class='ocrx_word' id='word_1_118' title='bbox 392 2022 418 2063; x_wconf 88' lang='lat' dir='ltr'>v.</span> <span class='ocrx_word' id='word_1_119' title='bbox 442 2001 471 2065; x_wconf 93' lang='lat' dir='ltr'>d.</span> <span class='ocrx_word' id='word_1_120' title='bbox 494 1999 603 2084; x_wconf 83' lang='lat' dir='ltr'>Meyus</span> <span class='ocrx_word' id='word_1_121' title='bbox 626 2020 709 2076; x_wconf 88' lang='lat' dir='ltr'>,eam</span> <span class='ocrx_word' id='word_1_122' title='bbox 732 2007 855 2082; x_wconf 89' lang='lat' dir='ltr'>partem</span> <span class='ocrx_word' id='word_1_123' title='bbox 879 1999 1058 2084; x_wconf 83' lang='lat' dir='ltr'>elegiarum,</span> <span class='ocrx_word' id='word_1_124' title='bbox 1081 2021 1162 2084; x_wconf 87' lang='lat' dir='ltr'>quae</span> <span class='ocrx_word' id='word_1_125' title='bbox 1185 1997 1339 2082; x_wconf 77' lang='grc' dir='ltr'>ἐλεγείων</span> <span class='ocrx_word' id='word_1_126' title='bbox 1364 1993 1411 2061; x_wconf 88' lang='lat' dir='ltr'>B&#39;</span> 
     </span>
     <span class='ocr_line' id='line_1_17' title="bbox 264 2105 1413 2190; baseline -0.002 -20"><span class='ocrx_word' id='word_1_127' title='bbox 264 2106 447 2171; x_wconf 87' lang='lat' dir='ltr'>inscribitur</span> <span class='ocrx_word' id='word_1_128' title='bbox 464 2113 565 2172; x_wconf 89' lang='lat' dir='ltr'>totam</span> <span class='ocrx_word' id='word_1_129' title='bbox 583 2107 724 2190; x_wconf 90' lang='lat' dir='ltr'>parodiis</span> <span class='ocrx_word' id='word_1_130' title='bbox 743 2105 906 2173; x_wconf 87' lang='lat' dir='ltr'>contineri&#39;</span> <span class='ocrx_word' id='word_1_131' title='bbox 924 2107 1054 2184; x_wconf 83' lang='lat' dir='ltr'>iudicat,</span> <span class='ocrx_word' id='word_1_132' title='bbox 1073 2126 1204 2190; x_wconf 86' lang='lat' dir='ltr'>eamque</span> <span class='ocrx_word' id='word_1_133' title='bbox 1218 2105 1413 2170; x_wconf 88' lang='lat' dir='ltr'>sententiam</span> 
     </span>
    </p>
   </div>
   <div class='ocr_carea' id='block_1_3' title="bbox 266 2213 1501 2298">
    <p class='ocr_par' dir='ltr' id='par_1_4' title="bbox 266 2213 1501 2298">
     <span class='ocr_line' id='line_1_18' title="bbox 266 2213 1501 2298; baseline -0.001 -22"><span class='ocrx_word' id='word_1_134' title='bbox 266 2213 415 2278; x_wconf 87' lang='lat' dir='ltr'>intortio</span> <span class='ocrx_word' id='word_1_135' title='bbox 439 2213 594 2297; x_wconf 89' lang='lat' dir='ltr'>opusculi,</span> <span class='ocrx_word' id='word_1_136' title='bbox 618 2213 701 2297; x_wconf 92' lang='lat' dir='ltr'>quod</span> <span class='ocrx_word' id='word_1_137' title='bbox 724 2235 821 2297; x_wconf 88' lang='lat' dir='ltr'>supra</span> <span class='ocrx_word' id='word_1_138' title='bbox 843 2213 1010 2291; x_wconf 83' lang='lat' dir='ltr'>nominari,</span> <span class='ocrx_word' id='word_1_139' title='bbox 1033 2215 1136 2298; x_wconf 90' lang='lat' dir='ltr'>capite</span> <span class='ocrx_word' id='word_1_140' title='bbox 1160 2213 1298 2278; x_wconf 85' lang='lat' dir='ltr'>illustrat</span> <span class='ocrx_word' id='word_1_141' title='bbox 1320 2231 1412 2276; x_wconf 90' lang='lat' dir='ltr'>oom-</span> <span class='ocrx_word' id='word_1_142' title='bbox 1500 2241 1501 2254; x_wconf 23' lang='grc' dir='ltr'><strong>κ</strong></span> 
     </span>
    </p>
   </div>
   <div class='ocr_carea' id='block_1_4' title="bbox 264 2318 1413 2724">
    <p class='ocr_par' dir='ltr' id='par_1_5' title="bbox 264 2318 1413 2724">
     <span class='ocr_line' id='line_1_19' title="bbox 264 2318 1412 2405; baseline -0.003 -21"><span class='ocrx_word' id='word_1_143' title='bbox 264 2320 375 2402; x_wconf 90' lang='lat' dir='ltr'>positis</span> <span class='ocrx_word' id='word_1_144' title='bbox 398 2321 444 2385; x_wconf 91' lang='lat' dir='ltr'>eis</span> <span class='ocrx_word' id='word_1_145' title='bbox 466 2319 618 2398; x_wconf 82' lang='lat' dir='ltr'>versibus,</span> <span class='ocrx_word' id='word_1_146' title='bbox 641 2320 673 2383; x_wconf 92' lang='lat' dir='ltr'>in</span> <span class='ocrx_word' id='word_1_147' title='bbox 697 2321 815 2405; x_wconf 82' lang='lat' dir='ltr'>quibus</span> <span class='ocrx_word' id='word_1_148' title='bbox 833 2321 998 2405; x_wconf 90' lang='lat' dir='ltr'>parodiam</span> <span class='ocrx_word' id='word_1_149' title='bbox 1021 2320 1082 2385; x_wconf 89' lang='lat' dir='ltr'>sibi</span> <span class='ocrx_word' id='word_1_150' title='bbox 1100 2321 1255 2386; x_wconf 82' lang='lat' dir='ltr'>invenisse</span> <span class='ocrx_word' id='word_1_151' title='bbox 1273 2318 1412 2383; x_wconf 85' lang='lat' dir='ltr'>videtur.</span> 
     </span>
     <span class='ocr_line' id='line_1_20' title="bbox 265 2425 1411 2510; baseline -0.002 -20"><span class='ocrx_word' id='word_1_152' title='bbox 265 2426 301 2490; x_wconf 89' lang='lat' dir='ltr'>ln</span> <span class='ocrx_word' id='word_1_153' title='bbox 324 2427 408 2492; x_wconf 89' lang='lat' dir='ltr'>idem</span> <span class='ocrx_word' id='word_1_154' title='bbox 431 2427 582 2492; x_wconf 88' lang='lat' dir='ltr'>iudicium</span> <span class='ocrx_word' id='word_1_155' title='bbox 605 2426 728 2492; x_wconf 88' lang='lat' dir='ltr'>abierat</span> <span class='ocrx_word' id='word_1_156' title='bbox 751 2429 814 2492; x_wconf 89' lang='lat' dir='ltr'>iam</span> <span class='ocrx_word' id='word_1_157' title='bbox 834 2426 1023 2505; x_wconf 85' lang='lat' dir='ltr'>Welclrerus,</span> <span class='ocrx_word' id='word_1_158' title='bbox 1046 2427 1165 2510; x_wconf 91' lang='lat' dir='ltr'>aliique</span> <span class='ocrx_word' id='word_1_159' title='bbox 1183 2426 1243 2491; x_wconf 89' lang='lat' dir='ltr'>viri</span> <span class='ocrx_word' id='word_1_160' title='bbox 1266 2425 1351 2490; x_wconf 91' lang='lat' dir='ltr'>docti</span> <span class='ocrx_word' id='word_1_161' title='bbox 1378 2426 1411 2490; x_wconf 92' lang='lat' dir='ltr'>in</span> 
     </span>
     <span class='ocr_line' id='line_1_21' title="bbox 265 2530 1412 2619; baseline -0.001 -21"><span class='ocrx_word' id='word_1_162' title='bbox 265 2555 302 2598; x_wconf 90' lang='lat' dir='ltr'>ca</span> <span class='ocrx_word' id='word_1_163' title='bbox 324 2535 458 2599; x_wconf 85' lang='lat' dir='ltr'>maxime</span> <span class='ocrx_word' id='word_1_164' title='bbox 480 2556 514 2600; x_wconf 86' lang='lat' dir='ltr'>re</span> <span class='ocrx_word' id='word_1_165' title='bbox 537 2534 714 2600; x_wconf 86' lang='lat' dir='ltr'>consentire</span> <span class='ocrx_word' id='word_1_166' title='bbox 737 2535 891 2599; x_wconf 84' lang='lat' dir='ltr'>ridentur.</span> <span class='ocrx_word' id='word_1_167' title='bbox 938 2535 1133 2619; x_wconf 86' lang='lat' dir='ltr'>Quamquam</span> <span class='ocrx_word' id='word_1_168' title='bbox 1155 2534 1195 2598; x_wconf 92' lang='lat' dir='ltr'>de</span> <span class='ocrx_word' id='word_1_169' title='bbox 1218 2530 1412 2615; x_wconf 90' lang='lat' dir='ltr'>quibusdam</span> 
     </span>
     <span class='ocr_line' id='line_1_22' title="bbox 265 2639 1413 2724; baseline -0.002 -20"><span class='ocrx_word' id='word_1_170' title='bbox 265 2641 405 2706; x_wconf 85' lang='lat' dir='ltr'>versibus</span> <span class='ocrx_word' id='word_1_171' title='bbox 437 2648 543 2706; x_wconf 92' lang='lat' dir='ltr'>utrum</span> <span class='ocrx_word' id='word_1_172' title='bbox 575 2642 608 2706; x_wconf 91' lang='lat' dir='ltr'>in</span> <span class='ocrx_word' id='word_1_173' title='bbox 639 2641 842 2724; x_wconf 85' lang='lat' dir='ltr'>parodiarum</span> <span class='ocrx_word' id='word_1_174' title='bbox 872 2663 1003 2706; x_wconf 87' lang='lat' dir='ltr'>numero</span> <span class='ocrx_word' id='word_1_175' title='bbox 1034 2640 1173 2706; x_wconf 87' lang='lat' dir='ltr'>habendi</span> <span class='ocrx_word' id='word_1_176' title='bbox 1206 2639 1269 2705; x_wconf 90' lang='lat' dir='ltr'>sint</span> <span class='ocrx_word' id='word_1_177' title='bbox 1300 2660 1413 2716; x_wconf 90' lang='lat' dir='ltr'>necne,</span> 
     </span>
    </p>
   </div>
   <div class='ocr_carea' id='block_1_5' title="bbox 143 2743 1500 2938">
    <p class='ocr_par' dir='ltr' id='par_1_6' title="bbox 143 2743 1500 2938">
     <span class='ocr_line' id='line_1_23' title="bbox 143 2743 1500 2834; baseline -0.006 -19"><span class='ocrx_word' id='word_1_178' title='bbox 143 2745 149 2756; x_wconf 81' lang='grc'><strong><em>’</em></strong></span> <span class='ocrx_word' id='word_1_179' title='bbox 265 2749 434 2832; x_wconf 85' lang='lat' dir='ltr'>disceptari</span> <span class='ocrx_word' id='word_1_180' title='bbox 453 2743 606 2834; x_wconf 73' lang='lat' dir='ltr'>&#39;potest.¹)</span> <span class='ocrx_word' id='word_1_181' title='bbox 653 2747 734 2813; x_wconf 87' lang='lat' dir='ltr'>Nam</span> <span class='ocrx_word' id='word_1_182' title='bbox 756 2747 840 2812; x_wconf 90' lang='lat' dir='ltr'>haud</span> <span class='ocrx_word' id='word_1_183' title='bbox 865 2749 979 2832; x_wconf 87' lang='lat' dir='ltr'>exigua</span> <span class='ocrx_word' id='word_1_184' title='bbox 1001 2769 1074 2831; x_wconf 88' lang='lat' dir='ltr'>pars</span> <span class='ocrx_word' id='word_1_185' title='bbox 1093 2767 1237 2812; x_wconf 85' lang='lat' dir='ltr'>versuum</span> <span class='ocrx_word' id='word_1_186' title='bbox 1259 2747 1301 2810; x_wconf 82' lang='lat' dir='ltr'>ad</span> <span class='ocrx_word' id='word_1_187' title='bbox 1325 2745 1412 2810; x_wconf 87' lang='lat' dir='ltr'>hanc</span> <span class='ocrx_word' id='word_1_188' title='bbox 1499 2769 1500 2778; x_wconf 50' lang='lat'>¹</span> 
     </span>
     <span class='ocr_line' id='line_1_24' title="bbox 264 2853 1500 2938; baseline -0.004 -19"><span class='ocrx_word' id='word_1_189' title='bbox 264 2856 419 2921; x_wconf 88' lang='lat' dir='ltr'>rationem</span> <span class='ocrx_word' id='word_1_190' title='bbox 455 2857 648 2920; x_wconf 85' lang='lat' dir='ltr'>rariatorum</span> <span class='ocrx_word' id='word_1_191' title='bbox 688 2855 768 2920; x_wconf 89' lang='lat' dir='ltr'>adeo</span> <span class='ocrx_word' id='word_1_192' title='bbox 805 2857 912 2938; x_wconf 87' lang='lat' dir='ltr'>inepte</span> <span class='ocrx_word' id='word_1_193' title='bbox 953 2859 1145 2920; x_wconf 87' lang='lat' dir='ltr'>commutata</span> <span class='ocrx_word' id='word_1_194' title='bbox 1181 2859 1214 2920; x_wconf 91' lang='lat' dir='ltr'>et</span> <span class='ocrx_word' id='word_1_195' title='bbox 1249 2859 1315 2918; x_wconf 90' lang='lat' dir='ltr'>tom</span> <span class='ocrx_word' id='word_1_196' title='bbox 1352 2853 1410 2917; x_wconf 86' lang='lat' dir='ltr'>vili</span> <span class='ocrx_word' id='word_1_197' title='bbox 1499 2873 1500 2896; x_wconf 58' lang='lat'>1</span> 
     </span>
    </p>
   </div>
   <div class='ocr_carea' id='block_1_6' title="bbox 192 2959 1498 4118">
    <p class='ocr_par' dir='ltr' id='par_1_7' title="bbox 192 2959 1498 4118">
     <span class='ocr_line' id='line_1_25' title="bbox 264 2959 1411 3047; baseline -0.001 -22"><span class='ocrx_word' id='word_1_198' title='bbox 264 2959 398 3026; x_wconf 84' lang='lat' dir='ltr'>artificio</span> <span class='ocrx_word' id='word_1_199' title='bbox 422 2962 550 3026; x_wconf 88' lang='lat' dir='ltr'>condita</span> <span class='ocrx_word' id='word_1_200' title='bbox 573 2969 633 3038; x_wconf 88' lang='lat' dir='ltr'>est,</span> <span class='ocrx_word' id='word_1_201' title='bbox 660 2968 697 3026; x_wconf 91' lang='lat' dir='ltr'>ut</span> <span class='ocrx_word' id='word_1_202' title='bbox 723 2961 927 3044; x_wconf 88' lang='lat' dir='ltr'>parodiarum</span> <span class='ocrx_word' id='word_1_203' title='bbox 954 2963 1080 3027; x_wconf 91' lang='lat' dir='ltr'>nomine</span> <span class='ocrx_word' id='word_1_204' title='bbox 1107 2983 1219 3047; x_wconf 90' lang='lat' dir='ltr'>parum</span> <span class='ocrx_word' id='word_1_205' title='bbox 1246 2960 1335 3046; x_wconf 85' lang='lat' dir='ltr'>digni</span> <span class='ocrx_word' id='word_1_206' title='bbox 1359 2961 1411 3025; x_wconf 93' lang='lat' dir='ltr'>ui-</span> 
     </span>
     <span class='ocr_line' id='line_1_26' title="bbox 263 3066 1409 3153; baseline 0 -23"><span class='ocrx_word' id='word_1_207' title='bbox 263 3067 406 3133; x_wconf 87' lang='lat' dir='ltr'>deantur.</span> <span class='ocrx_word' id='word_1_208' title='bbox 451 3067 549 3133; x_wconf 87' lang='lat' dir='ltr'>Recte</span> <span class='ocrx_word' id='word_1_209' title='bbox 575 3069 674 3152; x_wconf 88' lang='lat' dir='ltr'>igitur</span> <span class='ocrx_word' id='word_1_210' title='bbox 703 3068 851 3132; x_wconf 90' lang='lat' dir='ltr'>admonet</span> <span class='ocrx_word' id='word_1_211' title='bbox 875 3069 1153 3153; x_wconf 80' lang='lat' dir='ltr'>Herwerdenus:²)</span> <span class='ocrx_word' id='word_1_212' title='bbox 1182 3089 1258 3146; x_wconf 92' lang='lat' dir='ltr'>,non</span> <span class='ocrx_word' id='word_1_213' title='bbox 1280 3066 1409 3131; x_wconf 90' lang='lat' dir='ltr'>ridendi</span> 
     </span>
     <span class='ocr_line' id='line_1_27' title="bbox 263 3173 1410 3259; baseline -0.001 -20"><span class='ocrx_word' id='word_1_214' title='bbox 263 3195 359 3240; x_wconf 88' lang='lat' dir='ltr'>causa</span> <span class='ocrx_word' id='word_1_215' title='bbox 384 3174 480 3259; x_wconf 92' lang='lat' dir='ltr'>(nihil</span> <span class='ocrx_word' id='word_1_216' title='bbox 508 3174 591 3240; x_wconf 94' lang='lat' dir='ltr'>enim</span> <span class='ocrx_word' id='word_1_217' title='bbox 618 3175 652 3239; x_wconf 93' lang='lat' dir='ltr'>in</span> <span class='ocrx_word' id='word_1_218' title='bbox 674 3175 744 3239; x_wconf 90' lang='lat' dir='ltr'>istis</span> <span class='ocrx_word' id='word_1_219' title='bbox 768 3177 858 3259; x_wconf 85' lang='lat' dir='ltr'>nugis</span> <span class='ocrx_word' id='word_1_220' title='bbox 882 3182 937 3240; x_wconf 88' lang='lat' dir='ltr'>aut</span> <span class='ocrx_word' id='word_1_221' title='bbox 959 3174 1055 3241; x_wconf 87' lang='lat' dir='ltr'>faceti</span> <span class='ocrx_word' id='word_1_222' title='bbox 1077 3181 1133 3240; x_wconf 91' lang='lat' dir='ltr'>aut</span> <span class='ocrx_word' id='word_1_223' title='bbox 1159 3174 1285 3240; x_wconf 91' lang='lat' dir='ltr'>ridiculi</span> <span class='ocrx_word' id='word_1_224' title='bbox 1308 3173 1410 3259; x_wconf 86' lang='lat' dir='ltr'>inest)</span> 
     </span>
     <span class='ocr_line' id='line_1_28' title="bbox 264 3279 1411 3366; baseline 0.002 -21"><span class='ocrx_word' id='word_1_225' title='bbox 264 3280 327 3346; x_wconf 87' lang='lat' dir='ltr'>illis</span> <span class='ocrx_word' id='word_1_226' title='bbox 350 3303 425 3346; x_wconf 87' lang='lat' dir='ltr'>usus</span> <span class='ocrx_word' id='word_1_227' title='bbox 449 3301 516 3346; x_wconf 89' lang='lat' dir='ltr'>esse</span> <span class='ocrx_word' id='word_1_228' title='bbox 539 3281 617 3346; x_wconf 92' lang='lat' dir='ltr'>mihi</span> <span class='ocrx_word' id='word_1_229' title='bbox 639 3280 766 3346; x_wconf 82' lang='lat' dir='ltr'>videtur</span> <span class='ocrx_word' id='word_1_230' title='bbox 793 3282 848 3366; x_wconf 88' lang='lat' dir='ltr'>(is,</span> <span class='ocrx_word' id='word_1_231' title='bbox 878 3282 932 3366; x_wconf 90' lang='lat' dir='ltr'>qui</span> <span class='ocrx_word' id='word_1_232' title='bbox 953 3281 1038 3347; x_wconf 91' lang='lat' dir='ltr'>bunc</span> <span class='ocrx_word' id='word_1_233' title='bbox 1059 3281 1202 3348; x_wconf 91' lang='lat' dir='ltr'>libellum</span> <span class='ocrx_word' id='word_1_234' title='bbox 1225 3279 1411 3364; x_wconf 86' lang='lat' dir='ltr'>congessit),</span> 
     </span>
     <span class='ocr_line' id='line_1_29' title="bbox 264 3387 1410 3472; baseline -0.001 -20"><span class='ocrx_word' id='word_1_235' title='bbox 264 3389 318 3452; x_wconf 90' lang='lat' dir='ltr'>sed</span> <span class='ocrx_word' id='word_1_236' title='bbox 351 3394 419 3452; x_wconf 91' lang='lat' dir='ltr'>tum</span> <span class='ocrx_word' id='word_1_237' title='bbox 450 3408 513 3470; x_wconf 91' lang='lat' dir='ltr'>quo</span> <span class='ocrx_word' id='word_1_238' title='bbox 545 3387 668 3452; x_wconf 87' lang='lat' dir='ltr'>facilius</span> <span class='ocrx_word' id='word_1_239' title='bbox 695 3387 813 3472; x_wconf 91' lang='lat' dir='ltr'>ingenii</span> <span class='ocrx_word' id='word_1_240' title='bbox 841 3389 889 3453; x_wconf 92' lang='lat' dir='ltr'>sui</span> <span class='ocrx_word' id='word_1_241' title='bbox 922 3388 1085 3454; x_wconf 87' lang='lat' dir='ltr'>sterilitati</span> <span class='ocrx_word' id='word_1_242' title='bbox 1117 3395 1305 3465; x_wconf 86' lang='lat' dir='ltr'>occurreret,</span> <span class='ocrx_word' id='word_1_243' title='bbox 1338 3393 1410 3452; x_wconf 91' lang='lat' dir='ltr'>tum</span> 
     </span>
     <span class='ocr_line' id='line_1_30' title="bbox 263 3493 1410 3580; baseline 0.002 -22"><span class='ocrx_word' id='word_1_244' title='bbox 263 3495 358 3559; x_wconf 89' lang='lat' dir='ltr'>etiam</span> <span class='ocrx_word' id='word_1_245' title='bbox 378 3493 520 3570; x_wconf 88' lang='lat' dir='ltr'>fortasse,</span> <span class='ocrx_word' id='word_1_246' title='bbox 538 3499 574 3559; x_wconf 87' lang='lat' dir='ltr'>ut</span> <span class='ocrx_word' id='word_1_247' title='bbox 592 3496 654 3560; x_wconf 83' lang='lat' dir='ltr'>ista</span> <span class='ocrx_word' id='word_1_248' title='bbox 671 3516 729 3578; x_wconf 92' lang='lat' dir='ltr'>pro</span> <span class='ocrx_word' id='word_1_249' title='bbox 748 3495 893 3579; x_wconf 89' lang='lat' dir='ltr'>genuinis</span> <span class='ocrx_word' id='word_1_250' title='bbox 907 3496 1085 3562; x_wconf 84' lang='lat' dir='ltr'>venditaret</span> <span class='ocrx_word' id='word_1_251' title='bbox 1103 3494 1309 3580; x_wconf 87' lang='lat' dir='ltr'>popularibus</span> <span class='ocrx_word' id='word_1_252' title='bbox 1323 3493 1410 3560; x_wconf 69' lang='lat' dir='ltr'>suis?</span> 
     </span>
     <span class='ocr_line' id='line_1_31' title="bbox 264 3599 1410 3685; baseline 0 -21"><span class='ocrx_word' id='word_1_253' title='bbox 264 3600 350 3666; x_wconf 89' lang='lat' dir='ltr'>Haeo</span> <span class='ocrx_word' id='word_1_254' title='bbox 369 3601 438 3685; x_wconf 90' lang='lat' dir='ltr'>ipsa</span> <span class='ocrx_word' id='word_1_255' title='bbox 452 3600 699 3684; x_wconf 86' lang='lat' dir='ltr'>fragmentorum</span> <span class='ocrx_word' id='word_1_256' title='bbox 718 3603 860 3668; x_wconf 84' lang='lat' dir='ltr'>condicio</span> <span class='ocrx_word' id='word_1_257' title='bbox 879 3625 948 3668; x_wconf 91' lang='lat' dir='ltr'>cum</span> <span class='ocrx_word' id='word_1_258' title='bbox 969 3604 1046 3668; x_wconf 91' lang='lat' dir='ltr'>satis</span> <span class='ocrx_word' id='word_1_259' title='bbox 1064 3602 1259 3668; x_wconf 89' lang='lat' dir='ltr'>demonstret</span> <span class='ocrx_word' id='word_1_260' title='bbox 1276 3599 1317 3666; x_wconf 86' lang='lat' dir='ltr'>ab</span> <span class='ocrx_word' id='word_1_261' title='bbox 1338 3600 1410 3685; x_wconf 85' lang='lat' dir='ltr'>ipso</span> 
     </span>
     <span class='ocr_line' id='line_1_32' title="bbox 192 3687 1409 3794; baseline 0.001 -23"><span class='ocrx_word' id='word_1_262' title='bbox 192 3687 195 3700; x_wconf 49' lang='lat'>¹</span> <span class='ocrx_word' id='word_1_263' title='bbox 262 3707 445 3790; x_wconf 84' lang='lat' dir='ltr'>Theognidc</span> <span class='ocrx_word' id='word_1_264' title='bbox 468 3729 530 3772; x_wconf 91' lang='lat' dir='ltr'>non</span> <span class='ocrx_word' id='word_1_265' title='bbox 555 3709 660 3774; x_wconf 90' lang='lat' dir='ltr'>omnia</span> <span class='ocrx_word' id='word_1_266' title='bbox 681 3711 821 3792; x_wconf 87' lang='lat' dir='ltr'>potuisse</span> <span class='ocrx_word' id='word_1_267' title='bbox 844 3711 999 3794; x_wconf 90' lang='lat' dir='ltr'>componi,</span> <span class='ocrx_word' id='word_1_268' title='bbox 1022 3709 1203 3776; x_wconf 86' lang='lat' dir='ltr'>Welckerus</span> <span class='ocrx_word' id='word_1_269' title='bbox 1224 3715 1256 3774; x_wconf 87' lang='lat' dir='ltr'>et</span> <span class='ocrx_word' id='word_1_270' title='bbox 1277 3730 1349 3773; x_wconf 91' lang='lat' dir='ltr'>cum</span> <span class='ocrx_word' id='word_1_271' title='bbox 1369 3729 1409 3773; x_wconf 90' lang='lat' dir='ltr'>eo</span> 
     </span>
     <span class='ocr_line' id='line_1_33' title="bbox 262 3813 1498 3902; baseline 0.002 -25"><span class='ocrx_word' id='word_1_272' title='bbox 262 3836 289 3878; x_wconf 83' lang='lat' dir='ltr'>v.</span> <span class='ocrx_word' id='word_1_273' title='bbox 309 3813 338 3878; x_wconf 93' lang='lat' dir='ltr'>d.</span> <span class='ocrx_word' id='word_1_274' title='bbox 358 3813 467 3898; x_wconf 91' lang='lat' dir='ltr'>Meyus</span> <span class='ocrx_word' id='word_1_275' title='bbox 486 3815 636 3881; x_wconf 83' lang='lat' dir='ltr'>audacius</span> <span class='ocrx_word' id='word_1_276' title='bbox 655 3822 822 3881; x_wconf 90' lang='lat' dir='ltr'>autumant</span> <span class='ocrx_word' id='word_1_277' title='bbox 841 3838 889 3892; x_wconf 90' lang='lat' dir='ltr'>,ne</span> <span class='ocrx_word' id='word_1_278' title='bbox 906 3838 1002 3882; x_wconf 92' lang='lat' dir='ltr'>unum</span> <span class='ocrx_word' id='word_1_279' title='bbox 1022 3817 1149 3902; x_wconf 92' lang='lat' dir='ltr'>quidem</span> <span class='ocrx_word' id='word_1_280' title='bbox 1168 3836 1290 3882; x_wconf 84' lang='lat' dir='ltr'>versum</span> <span class='ocrx_word' id='word_1_281' title='bbox 1308 3816 1341 3878; x_wconf 89' lang='lat' dir='ltr'>in</span> <span class='ocrx_word' id='word_1_282' title='bbox 1361 3815 1410 3880; x_wconf 86' lang='lat' dir='ltr'>cis</span> <span class='ocrx_word' id='word_1_283' title='bbox 1497 3865 1498 3889; x_wconf 69' lang='lat'>,</span> 
     </span>
     <span class='ocr_line' id='line_1_34' title="bbox 263 3920 1051 4008; baseline 0.005 -23"><span class='ocrx_word' id='word_1_284' title='bbox 263 3921 396 4004; x_wconf 88' lang='lat' dir='ltr'>reperiri</span> <span class='ocrx_word' id='word_1_285' title='bbox 415 3921 455 3986; x_wconf 88' lang='lat' dir='ltr'>ab</span> <span class='ocrx_word' id='word_1_286' title='bbox 475 3921 543 4005; x_wconf 90' lang='lat' dir='ltr'>ipso</span> <span class='ocrx_word' id='word_1_287' title='bbox 563 3920 739 4007; x_wconf 87' lang='lat' dir='ltr'>Megarensi</span> <span class='ocrx_word' id='word_1_288' title='bbox 758 3927 853 4008; x_wconf 71' lang='lat' dir='ltr'>poeta</span> <span class='ocrx_word' id='word_1_289' title='bbox 871 3924 1051 3990; x_wconf 87' lang='lat' dir='ltr'>conditum’</span> 
     </span>
     <span class='ocr_line' id='line_1_35' title="bbox 352 4028 1409 4118; baseline 0.001 -24"><span class='ocrx_word' id='word_1_290' title='bbox 352 4028 434 4094; x_wconf 89' lang='lat' dir='ltr'>Sane</span> <span class='ocrx_word' id='word_1_291' title='bbox 462 4051 488 4094; x_wconf 88' lang='lat' dir='ltr'>e.</span> <span class='ocrx_word' id='word_1_292' title='bbox 507 4050 535 4112; x_wconf 87' lang='lat' dir='ltr'>g.</span> <span class='ocrx_word' id='word_1_293' title='bbox 564 4050 670 4096; x_wconf 86' lang='lat' dir='ltr'>versus</span> <span class='ocrx_word' id='word_1_294' title='bbox 696 4031 938 4107; x_wconf 81' lang='lat'>1235-1240,</span> <span class='ocrx_word' id='word_1_295' title='bbox 965 4032 1005 4096; x_wconf 92' lang='lat' dir='ltr'>de</span> <span class='ocrx_word' id='word_1_296' title='bbox 1028 4030 1143 4114; x_wconf 85' lang='lat' dir='ltr'>quibus</span> <span class='ocrx_word' id='word_1_297' title='bbox 1165 4030 1271 4114; x_wconf 90' lang='lat' dir='ltr'>paullo</span> <span class='ocrx_word' id='word_1_298' title='bbox 1293 4030 1409 4118; x_wconf 77' lang='lat' dir='ltr'>ante³)</span> 
     </span>
    </p>
   </div>
   <div class='ocr_carea' id='block_1_7' title="bbox 265 4144 350 4151">
    <p class='ocr_par' dir='ltr' id='par_1_8' title="bbox 265 4144 350 4151">
     <span class='ocr_line' id='line_1_36' title="bbox 265 4144 350 4151; baseline 0.012 -1"><span class='ocrx_word' id='word_1_299' title='bbox 265 4144 350 4151; x_wconf 76' lang='lat'>——</span> 
     </span>
    </p>
   </div>
   <div class='ocr_carea' id='block_1_8' title="bbox 352 4187 852 4434">
    <p class='ocr_par' dir='ltr' id='par_1_9' title="bbox 352 4187 852 4434">
     <span class='ocr_line' id='line_1_37' title="bbox 353 4187 816 4260; baseline 0.009 -21"><span class='ocrx_word' id='word_1_300' title='bbox 353 4189 372 4238; x_wconf 61' lang='lat'>¹)</span> <span class='ocrx_word' id='word_1_301' title='bbox 391 4187 441 4242; x_wconf 85' lang='lat' dir='ltr'>cfr.</span> <span class='ocrx_word' id='word_1_302' title='bbox 461 4187 637 4244; x_wconf 87' lang='lat' dir='ltr'>Rintelcnnm</span> <span class='ocrx_word' id='word_1_303' title='bbox 656 4207 684 4260; x_wconf 92' lang='lat' dir='ltr'>p.</span> <span class='ocrx_word' id='word_1_304' title='bbox 704 4191 738 4245; x_wconf 88' lang='lat'>38</span> <span class='ocrx_word' id='word_1_305' title='bbox 757 4206 816 4258; x_wconf 83' lang='lat' dir='ltr'>sqq.</span> 
     </span>
     <span class='ocr_line' id='line_1_38' title="bbox 352 4275 852 4346; baseline 0.004 -16"><span class='ocrx_word' id='word_1_306' title='bbox 352 4275 372 4338; x_wconf 73' lang='lat'>⁹)</span> <span class='ocrx_word' id='word_1_307' title='bbox 392 4276 441 4332; x_wconf 90' lang='lat' dir='ltr'>cfr.</span> <span class='ocrx_word' id='word_1_308' title='bbox 462 4293 513 4331; x_wconf 87' lang='lat' dir='ltr'>van</span> <span class='ocrx_word' id='word_1_309' title='bbox 532 4279 744 4332; x_wconf 85' lang='lat' dir='ltr'>Herwerdenum</span> <span class='ocrx_word' id='word_1_310' title='bbox 765 4296 790 4346; x_wconf 90' lang='lat' dir='ltr'>p.</span> <span class='ocrx_word' id='word_1_311' title='bbox 811 4281 852 4332; x_wconf 85' lang='lat'>15.</span> 
     </span>
     <span class='ocr_line' id='line_1_39' title="bbox 352 4365 559 4434; baseline 0.014 -17"><span class='ocrx_word' id='word_1_312' title='bbox 352 4365 371 4430; x_wconf 80' lang='lat'>³)</span> <span class='ocrx_word' id='word_1_313' title='bbox 391 4365 452 4420; x_wconf 88' lang='lat' dir='ltr'>vide</span> <span class='ocrx_word' id='word_1_314' title='bbox 471 4383 498 4434; x_wconf 92' lang='lat' dir='ltr'>p.</span> <span class='ocrx_word' id='word_1_315' title='bbox 518 4369 559 4420; x_wconf 89' lang='lat'>91.</span> 
     </span>
    </p>
   </div>
   <div class='ocr_carea' id='block_1_9' title="bbox 0 0 1510 4896">
    <p class='ocr_par' dir='ltr' id='par_1_10' title="bbox 0 0 1510 4896">
     <span class='ocr_line' id='line_1_40' title="bbox 0 0 1510 4896; baseline 0 1"><span class='ocrx_word' id='word_1_316' title='bbox 0 0 1510 4896; x_wconf 95' lang='lat' dir='ltr'> </span> 
     </span>
    </p>
   </div>
  </div>
 </body>
</html>
