2982 4884
530 395 573 404 -
621 359 704 441 [sos]
752 395 797 405 -
1168 362 1231 424 rus

95 542 183 609 facta
206 544 284 624 sint3
312 545 354 612 cf.
371 567 404 631 p.
424 549 530 612 9831ss
553 553 694 613 τοιαῦτα
716 545 780 629 μὲν
802 543 841 633 δή
864 544 941 612 τινά
964 545 1064 630 ἐστιν,
1093 545 1114 611 ἃ
1137 545 1231 632 παρὰ

94 643 155 712 τὸν
182 640 353 735 ὑψηλὸν
384 649 442 714 καί
475 646 794 735 ἐγκατάσκευον
826 649 883 713 καὶ
914 647 1233 736 ἐξηλλαγμένον

96 757 158 816 τοῦ
180 748 352 838 συνήθους
374 761 568 841 χαρακτῆρα
593 804 600 818 .
623 803 657 819 ..
685 747 702 818 ὁ
726 757 954 840 Δημοσθένης
976 749 1229 820 κατεσκεύακεν.

95 855 164 919 Iam
188 876 262 922 vero
284 857 436 939 quoniam
456 859 558 924 altera
575 865 666 942 parte
681 858 722 924 de
739 858 827 924 tenui
849 856 971 942 (ἰσχνῷ)
991 877 1110 942 genere
1124 866 1231 924 sctum

93 965 153 1038 est,
181 967 255 1024 ante
278 981 387 1027 rocem
410 968 621 1050 χαρακτῆρος
643 961 819 1045 genitivum
843 959 961 1043 ἰσχνοῦ
988 961 1110 1026 librarii
1136 961 1229 1046 culpa

91 1061 295 1129 intercidisse
317 1063 471 1149 suspicor.
520 1065 682 1130 Lacunam
705 1085 798 1149 porro
815 1085 832 1130 e
848 1063 997 1149 Dionysii
1013 1084 1099 1130 more
1114 1063 1160 1130 iu
1175 1083 1232 1130 ex-

92 1166 263 1249 pleverim:
292 1161 375 1232 diove
398 1168 479 1252 ιτερί
493 1167 556 1251 μὲν
571 1175 631 1233 τοῦ
647 1165 829 1256 (ἰσχνοῦ)
849 1173 1059 1254 χαρακτῆρος
1082 1165 1231 1254 (ταῦτα

93 1266 246 1358 ἱκανά),
274 1271 315 1336 cl.
340 1293 372 1356 p.
396 1275 499 1338 tstcs
528 1272 586 1336 καί
608 1271 688 1356 αερί
710 1270 774 1354 μὲν
795 1277 861 1336 τῶν
882 1267 1104 1358 χαρακτήρων
1126 1277 1231 1336 ταῦτα

94 1369 206 1438 ἱκανά.
254 1373 319 1439 Sed
341 1381 440 1440 totum
463 1374 547 1440 hunc
572 1373 785 1440 coniecturam
816 1373 916 1439 verba
944 1393 1028 1457 quae
1056 1381 1231 1457 sequuntur

92 1483 155 1541 τοῦ
178 1475 215 1541 δὲ
238 1476 416 1563 ῥητορικοῦ
438 1481 556 1561 γένους
578 1483 638 1543 τοῦ
655 1473 782 1559 μεταξὺ
804 1483 870 1541 τιῖιν
892 1469 1005 1562 ι’ἰκριον
1028 1473 1231 1561 ἑκατέρου

90 1579 214 1645 irritam
238 1580 386 1646 videntur
407 1580 554 1646 reddere.
597 1581 669 1646 Duo
690 1600 807 1664 nempe
830 1578 1050 1663 significantur
1065 1579 1230 1646 characte-

89 1702 155 1758 res,
178 1702 250 1748 cum
266 1703 364 1749 unum
379 1690 503 1749 tuntum
519 1683 699 1749 coniectura
715 1682 926 1749 elicuerimus.
961 1682 1150 1748 Accuratius
1166 1683 1228 1766 igi-

90 1793 144 1850 tur
165 1785 206 1852 de
229 1786 336 1852 verbis
359 1793 419 1852 τοῦ
441 1785 477 1851 δὲ
502 1823 539 1836 -
566 1784 726 1871 ἑκατέρου
747 1784 931 1851 videndum.
982 1781 1028 1850 Τὸ
1053 1781 1231 1872 ῥητορικὸν

88 1893 189 1974 γένος
211 1885 249 1953 τὸ
272 1885 398 1972 μεταξὺ
420 1895 486 1955 τῶν
508 1883 621 1975 ἄκρων
642 1890 730 1956 clare
756 1887 985 1974 perspicueque
1015 1888 1155 1953 medium
1178 1887 1227 1953 di-

88 1991 186 2057 cendi
207 2012 311 2075 genus
334 1999 393 2058 est.
444 1989 491 2058 Τὸ
515 1987 693 2079 ῥητορικὸν
715 1995 810 2075 γένος
833 1987 869 2056 τὸ
893 1987 1019 2073 μεταξὺ
1035 1996 1101 2056 τῶν
1117 1983 1229 2074 α’κριυν

89 2092 255 2178 ἑκατέρου
277 2094 354 2177 quid
376 2095 434 2176 sit,
461 2114 522 2178 ego
545 2093 674 2176 quidem
703 2093 822 2160 nescio.
870 2092 1040 2160 Genitivus
1069 2091 1229 2178 ἑκατέρου

87 2197 217 2264 dnobus
240 2199 367 2264 omuino
388 2197 492 2263 modis
515 2196 657 2264 construi
678 2204 797 2282 potest3
824 2203 880 2261 aut
900 2195 986 2262 euim
1000 2195 1043 2261 ad
1059 2195 1227 2261 sublimem

86 2307 120 2365 et
149 2307 280 2366 tenuem
311 2301 526 2366 characterem
555 2298 637 2365 redit
666 2298 847 2384 pendetque
876 2319 894 2364 e
923 2319 1001 2365 voce
1033 2294 1145 2384 dequo
1174 2307 1229 2365 aut

85 2401 209 2490 pendet
224 2423 265 2469 ex
280 2403 516 2488 praepositione
530 2399 658 2485 μεταξύ
672 2403 816 2486 regitque
831 2401 1007 2486 genitivum
1024 2409 1090 2468 τῶν
1102 2395 1225 2489 ἄκρων.

84 2507 232 2573 Priorem
255 2506 523 2573 constructionem
546 2506 573 2573 si
595 2525 703 2572 veram
728 2525 801 2594 esse
827 2505 991 2586 sumimus,
1018 2525 1148 2591 prorsus
1171 2506 1229 2572 ab·

86 2609 190 2676 surda
221 2609 372 2675 statuitur
405 2609 582 2684 sententia:
619 2609 809 2675 rhetoricum
838 2629 942 2692 genus
972 2608 1056 2676 inter
1086 2617 1229 2674 extrema

83 2711 230 2798 positum
246 2713 422 2794 utriusque,
447 2713 471 2777 i.
489 2732 519 2778 e.
538 2719 570 2778 et
585 2711 731 2778 sublimis
754 2717 786 2777 et
808 2710 925 2778 terme.
965 2712 1107 2777 Alteram
1124 2719 1229 2777 struc-

83 2823 195 2881 turam
218 2816 389 2899 quominus
411 2814 650 2900 amplectemur,
684 2835 755 2881 cum
784 2816 953 2880 verborum
980 2813 1145 2881 collocutio
1167 2813 1229 2880 im-

84 2919 180 3006 pedit
195 2925 262 2984 tum
279 2919 377 2998 ratio;
404 2919 611 3003 nequeenim
633 2913 791 3001 μεταξὺ
813 2915 1016 3003 ἑκατέρου
1034 2923 1100 2984 τῶν
1115 2912 1228 3002 ἄκρων

82 3029 174 3088 recte
208 3020 272 3086 dici
305 3028 420 3107 potest.
475 3023 588 3105 Itaque
622 3041 694 3086 oum
727 3041 789 3086 vox
823 3019 983 3110 ἑκατέρου
1015 3019 1049 3084 in
1082 3027 1226 3086 neutrum

83 3125 357 3192 constructionem
392 3124 543 3208 quadret,
585 3132 676 3190 extra
708 3123 805 3190 totius
839 3124 995 3189 enuntiati
1036 3129 1226 3189 structuram

81 3229 196 3315 posita
217 3229 302 3292 ultro
324 3247 343 3293 e
365 3227 514 3312 Dionysii
536 3226 643 3293 verbis
666 3226 795 3293 excidit.
843 3225 945 3292 Simul
972 3227 1124 3310 probatur
1150 3246 1227 3292 con-

80 3333 245 3398 iecturum
266 3351 362 3414 quam
384 3329 575 3416 protulimus
598 3328 713 3395 falsum
744 3350 806 3395 non
829 3348 919 3408 esse;
954 3328 1227 3414 comprobabilis

81 3436 138 3518 sit,
167 3433 226 3499 alii
242 3431 473 3498 diiudicabunt.
515 3431 631 3514 Utique
645 3452 721 3498 vero
742 3451 800 3516 pro
822 3430 927 3497 verbis
951 3427 991 3497 ὃν
1013 3424 1111 3518 ἀτελῆ
1135 3432 1227 3516 legas

80 3544 215 3625 oportet
237 3545 351 3602 neutra
373 3533 391 3600 ii
416 3529 541 3617 ἀτελὲς,
568 3543 603 3600 ut
624 3534 667 3600 ad
687 3554 797 3600 vocem
821 3537 917 3617 γένος
940 3532 1084 3600 redeant.

172 3661 207 3725 p.
226 3642 347 3704 99811ss
374 3633 459 3704 Οὔτε
481 3635 524 3703 τὰ
548 3634 896 3704 &concordandum
912 3633 954 3700 τὰ
965 3637 985 3720 ¹)
1013 3634 1155 3720 περιττὰ
1170 3640 1225 3701 καὶ

79 3743 318 3830 ἐξηλλαγμένα
341 3747 402 3806 τοῦ
424 3737 596 3827 συνήθους
619 3738 779 3824 κράτιστα
804 3732 948 3825 ήγοῦμαι
971 3733 1043 3804 οὔτ’
1062 3737 1133 3804 ἐπὶ
1156 3752 1226 3816 τοῖς

78 3855 281 3920 Λυσιακοῖς
302 3856 373 3920 τοῖς
396 3842 525 3925 ἰσχνοῖς
547 3845 604 3908 καὶ
627 3846 917 3924 συνεσπασμένοις
939 3838 1000 3929 τήν
1021 3843 1154 3908 τελείαν
1168 3850 1226 3929 τής

77 3951 209 4028 λέξεως
225 3941 347 4034 ἀρετήν
362 3950 513 4028 τίθεμαι.
553 3947 604 4011 Ex
619 3945 736 4012 Graeci
760 3945 914 4011 sermonis
930 3966 1017 4011 more
1040 3947 1161 4012 scribas
1186 3944 1228 4012 ἐν

80 4065 157 4129 τοῖς
181 4057 374 4126 Λυσιακοῖς
399 4097 406 4113 .
427 4101 463 4115 ..
498 4045 648 4136 τήν...
681 4042 803 4134 ἀρετήν
830 4053 987 4130 τίθεμαις
1021 4049 1063 4115 of.
1096 4071 1129 4135 p.
1148 4055 1226 4115 stt-2

78 4191 296 4205 ..n—t-——n

154 4279 171 4339 ¹)
194 4271 230 4326 τὰ
247 4273 312 4328 edd.
333 4271 432 4328 Reisk.

987 4379 1017 4430 15
