<?xml version="1.0" encoding="UTF-8"?>
<!DOCTYPE html PUBLIC "-//W3C//DTD XHTML 1.0 Transitional//EN"
    "http://www.w3.org/TR/xhtml1/DTD/xhtml1-transitional.dtd">
<html xmlns="http://www.w3.org/1999/xhtml" xml:lang="en" lang="en">
 <head>
  <title>
</title>
<meta http-equiv="Content-Type" content="text/html;charset=utf-8" />
  <meta name='ocr-system' content='tesseract 3.04.00' />
  <meta name='ocr-capabilities' content='ocr_page ocr_carea ocr_par ocr_line ocrx_word'/>
</head>
<body>
  <div class='ocr_page' id='page_1' title='image "./dissertationesp02unkngoog/dissertationesp02unkngoog_0774.png"; bbox 0 0 2982 4884; ppageno 0'>
   <div class='ocr_carea' id='block_1_1' title="bbox 545 331 1244 411">
    <p class='ocr_par' dir='ltr' id='par_1_1' title="bbox 545 331 1244 411">
     <span class='ocr_line' id='line_1_1' title="bbox 545 331 1244 411; baseline -0.001 -18"><span class='ocrx_word' id='word_1_1' title='bbox 545 367 587 376; x_wconf 84' lang='grc'>-</span> <span class='ocrx_word' id='word_1_2' title='bbox 636 331 720 411; x_wconf 74' lang='lat' dir='ltr'><strong>roser</strong></span> <span class='ocrx_word' id='word_1_3' title='bbox 767 368 810 379; x_wconf 87' lang='lat'><em>-</em></span> <span class='ocrx_word' id='word_1_4' title='bbox 1227 334 1244 392; x_wconf 89' lang='lat' dir='ltr'><strong>r</strong></span> 
     </span>
    </p>
   </div>
   <div class='ocr_carea' id='block_1_2' title="bbox 97 517 1247 4312">
    <p class='ocr_par' dir='ltr' id='par_1_2' title="bbox 108 517 1246 912">
     <span class='ocr_line' id='line_1_2' title="bbox 109 517 1246 603; baseline 0.001 -21"><span class='ocrx_word' id='word_1_5' title='bbox 109 537 149 582; x_wconf 90' lang='lat' dir='ltr'><strong>eo</strong></span> <span class='ocrx_word' id='word_1_6' title='bbox 172 517 243 600; x_wconf 89' lang='lat' dir='ltr'><strong>ipso</strong></span> <span class='ocrx_word' id='word_1_7' title='bbox 272 524 428 600; x_wconf 86' lang='lat' dir='ltr'><strong>tempore,</strong></span> <span class='ocrx_word' id='word_1_8' title='bbox 463 538 525 599; x_wconf 85' lang='lat' dir='ltr'><strong>quo</strong></span> <span class='ocrx_word' id='word_1_9' title='bbox 548 518 659 582; x_wconf 86' lang='lat' dir='ltr'><strong>Cicero</strong></span> <span class='ocrx_word' id='word_1_10' title='bbox 688 518 807 600; x_wconf 83' lang='lat' dir='ltr'><strong>aliique</strong></span> <span class='ocrx_word' id='word_1_11' title='bbox 837 519 978 600; x_wconf 82' lang='lat' dir='ltr'>linguam</span> <span class='ocrx_word' id='word_1_12' title='bbox 1008 520 1169 603; x_wconf 88' lang='lat' dir='ltr'><strong>perpolire</strong></span> <span class='ocrx_word' id='word_1_13' title='bbox 1196 519 1246 583; x_wconf 90' lang='lat' dir='ltr'><strong>in-</strong></span> 
     </span>
     <span class='ocr_line' id='line_1_3' title="bbox 108 620 1246 705; baseline 0.004 -21"><span class='ocrx_word' id='word_1_14' title='bbox 108 620 270 703; x_wconf 78' lang='lat' dir='ltr'><strong>ceperint,</strong></span> <span class='ocrx_word' id='word_1_15' title='bbox 298 620 465 685; x_wconf 87' lang='lat' dir='ltr'><strong>verborum</strong></span> <span class='ocrx_word' id='word_1_16' title='bbox 487 621 613 686; x_wconf 92' lang='lat' dir='ltr'><strong>illorum</strong></span> <span class='ocrx_word' id='word_1_17' title='bbox 638 622 881 705; x_wconf 88' lang='lat' dir='ltr'><strong>compositorum</strong></span> <span class='ocrx_word' id='word_1_18' title='bbox 912 642 1005 687; x_wconf 91' lang='lat' dir='ltr'><strong>usum</strong></span> <span class='ocrx_word' id='word_1_19' title='bbox 1034 622 1116 687; x_wconf 89' lang='lat' dir='ltr'><strong>adeo</strong></span> <span class='ocrx_word' id='word_1_20' title='bbox 1146 622 1246 688; x_wconf 88' lang='lat' dir='ltr'><strong>luisse</strong></span> 
     </span>
     <span class='ocr_line' id='line_1_4' title="bbox 109 724 1245 810; baseline 0.002 -22"><span class='ocrx_word' id='word_1_21' title='bbox 109 724 352 806; x_wconf 84' lang='lat' dir='ltr'><strong>pervulgatum,</strong></span> <span class='ocrx_word' id='word_1_22' title='bbox 386 733 421 788; x_wconf 93' lang='lat' dir='ltr'><strong>ut</strong></span> <span class='ocrx_word' id='word_1_23' title='bbox 450 744 512 788; x_wconf 92' lang='lat' dir='ltr'><strong>non</strong></span> <span class='ocrx_word' id='word_1_24' title='bbox 543 724 612 789; x_wconf 85' lang='lat' dir='ltr'><strong>siue</strong></span> <span class='ocrx_word' id='word_1_25' title='bbox 636 725 775 790; x_wconf 88' lang='lat' dir='ltr'><strong>maximo</strong></span> <span class='ocrx_word' id='word_1_26' title='bbox 797 725 1024 810; x_wconf 89' lang='lat' dir='ltr'><strong>impedimento</strong></span> <span class='ocrx_word' id='word_1_27' title='bbox 1046 726 1145 791; x_wconf 83' lang='lat' dir='ltr'><strong>rerba</strong></span> <span class='ocrx_word' id='word_1_28' title='bbox 1168 727 1245 791; x_wconf 91' lang='lat' dir='ltr'><strong>sim-</strong></span> 
     </span>
     <span class='ocr_line' id='line_1_5' title="bbox 108 826 859 912; baseline 0.003 -22"><span class='ocrx_word' id='word_1_29' title='bbox 108 826 207 910; x_wconf 92' lang='lat' dir='ltr'><strong>plicia</strong></span> <span class='ocrx_word' id='word_1_30' title='bbox 230 846 337 891; x_wconf 88' lang='lat' dir='ltr'><strong>eorum</strong></span> <span class='ocrx_word' id='word_1_31' title='bbox 361 847 475 892; x_wconf 90' lang='lat' dir='ltr'><strong>munus</strong></span> <span class='ocrx_word' id='word_1_32' title='bbox 499 836 688 912; x_wconf 87' lang='lat' dir='ltr'><strong>susceptura</strong></span> <span class='ocrx_word' id='word_1_33' title='bbox 708 827 859 894; x_wconf 81' lang='lat' dir='ltr'><strong>fuerint.&#39;</strong></span> 
     </span>
    </p>

    <p class='ocr_par' dir='ltr' id='par_1_3' title="bbox 97 929 1247 3177">
     <span class='ocr_line' id='line_1_6' title="bbox 194 929 1246 1016; baseline 0.004 -24"><span class='ocrx_word' id='word_1_34' title='bbox 194 929 279 1007; x_wconf 85' lang='lat' dir='ltr'>Quid</span> <span class='ocrx_word' id='word_1_35' title='bbox 299 929 401 1012; x_wconf 85' lang='lat' dir='ltr'><strong>egerit</strong></span> <span class='ocrx_word' id='word_1_36' title='bbox 416 930 527 996; x_wconf 84' lang='lat' dir='ltr'><strong>Cicero</strong></span> <span class='ocrx_word' id='word_1_37' title='bbox 549 931 581 995; x_wconf 94' lang='lat' dir='ltr'><strong>in</strong></span> <span class='ocrx_word' id='word_1_38' title='bbox 597 931 708 1013; x_wconf 87' lang='lat' dir='ltr'><strong>lingua</strong></span> <span class='ocrx_word' id='word_1_39' title='bbox 724 931 956 1010; x_wconf 82' lang='lat' dir='ltr'><strong>constituenda,</strong></span> <span class='ocrx_word' id='word_1_40' title='bbox 982 931 1112 1016; x_wconf 89' lang='lat' dir='ltr'><strong>planius</strong></span> <span class='ocrx_word' id='word_1_41' title='bbox 1128 953 1246 1015; x_wconf 81' lang='lat' dir='ltr'><strong>eogno-</strong></span> 
     </span>
     <span class='ocr_line' id='line_1_7' title="bbox 108 1032 1245 1118; baseline 0.002 -22"><span class='ocrx_word' id='word_1_42' title='bbox 108 1039 225 1114; x_wconf 88' lang='lat' dir='ltr'><strong>soelur,</strong></span> <span class='ocrx_word' id='word_1_43' title='bbox 252 1033 386 1114; x_wconf 88' lang='lat' dir='ltr'><strong>siquae</strong></span> <span class='ocrx_word' id='word_1_44' title='bbox 409 1032 548 1098; x_wconf 81' lang='lat' dir='ltr'>diximus</span> <span class='ocrx_word' id='word_1_45' title='bbox 572 1035 720 1118; x_wconf 84' lang='lat' dir='ltr'><strong>exemplo</strong></span> <span class='ocrx_word' id='word_1_46' title='bbox 743 1033 1019 1100; x_wconf 78' lang='lat' dir='ltr'><strong>illustraverimus.</strong></span> <span class='ocrx_word' id='word_1_47' title='bbox 1060 1035 1139 1100; x_wconf 82' lang='lat' dir='ltr'><strong>Cum</strong></span> <span class='ocrx_word' id='word_1_48' title='bbox 1159 1035 1245 1099; x_wconf 90' lang='lat' dir='ltr'><strong>enim</strong></span> 
     </span>
     <span class='ocr_line' id='line_1_8' title="bbox 111 1135 1247 1223; baseline 0.002 -25"><span class='ocrx_word' id='word_1_49' title='bbox 111 1135 209 1200; x_wconf 92' lang='lat' dir='ltr'><strong>libros</strong></span> <span class='ocrx_word' id='word_1_50' title='bbox 232 1135 274 1201; x_wconf 90' lang='lat' dir='ltr'><strong>de</strong></span> <span class='ocrx_word' id='word_1_51' title='bbox 292 1135 473 1201; x_wconf 84' lang='lat' dir='ltr'><strong>inventione</strong></span> <span class='ocrx_word' id='word_1_52' title='bbox 487 1137 663 1216; x_wconf 88' lang='lat' dir='ltr'><strong>incoharet,</strong></span> <span class='ocrx_word' id='word_1_53' title='bbox 689 1145 817 1221; x_wconf 86' lang='lat' dir='ltr'><strong>praeter</strong></span> <span class='ocrx_word' id='word_1_54' title='bbox 832 1139 964 1204; x_wconf 90' lang='lat' dir='ltr'><strong>verbum</strong></span> <span class='ocrx_word' id='word_1_55' title='bbox 980 1138 1118 1222; x_wconf 85' lang='lat' dir='ltr'><strong>simplex</strong></span> <span class='ocrx_word' id='word_1_56' title='bbox 1133 1161 1247 1223; x_wconf 71' lang='lat' dir='ltr'><strong>crepere</strong></span> 
     </span>
     <span class='ocr_line' id='line_1_9' title="bbox 110 1237 1246 1326; baseline 0.004 -26"><span class='ocrx_word' id='word_1_57' title='bbox 110 1237 173 1301; x_wconf 88' lang='lat' dir='ltr'><strong>dno</strong></span> <span class='ocrx_word' id='word_1_58' title='bbox 204 1239 234 1302; x_wconf 86' lang='lat' dir='ltr'><strong>ei</strong></span> <span class='ocrx_word' id='word_1_59' title='bbox 256 1247 385 1322; x_wconf 87' lang='lat' dir='ltr'><strong>praesto</strong></span> <span class='ocrx_word' id='word_1_60' title='bbox 414 1246 506 1305; x_wconf 87' lang='lat' dir='ltr'><strong>erant</strong></span> <span class='ocrx_word' id='word_1_61' title='bbox 535 1241 728 1324; x_wconf 83' lang='lat' dir='ltr'><strong>composita,</strong></span> <span class='ocrx_word' id='word_1_62' title='bbox 762 1261 894 1323; x_wconf 90' lang='lat' dir='ltr'><strong>quorum</strong></span> <span class='ocrx_word' id='word_1_63' title='bbox 924 1243 1060 1307; x_wconf 89' lang='lat' dir='ltr'><strong>alterum</strong></span> <span class='ocrx_word' id='word_1_64' title='bbox 1090 1244 1246 1326; x_wconf 72' lang='lat' dir='ltr'><strong>accepere</strong></span> 
     </span>
     <span class='ocr_line' id='line_1_10' title="bbox 109 1342 1246 1430; baseline 0.005 -24"><span class='ocrx_word' id='word_1_65' title='bbox 109 1342 270 1426; x_wconf 83' lang='lat' dir='ltr'><strong>significa-t</strong></span> <span class='ocrx_word' id='word_1_66' title='bbox 292 1345 434 1425; x_wconf 76' lang='lat' dir='ltr'><strong>cuperculo</strong></span> <span class='ocrx_word' id='word_1_67' title='bbox 457 1343 581 1427; x_wconf 79' lang='lat' dir='ltr'><strong>clr&#39;qrrr&#39;d</strong></span> <span class='ocrx_word' id='word_1_68' title='bbox 601 1346 716 1408; x_wconf 81' lang='lat' dir='ltr'><strong>addere</strong></span> <span class='ocrx_word' id='word_1_69' title='bbox 732 1347 776 1408; x_wconf 83' lang='lat' dir='ltr'><strong>ed</strong></span> <span class='ocrx_word' id='word_1_70' title='bbox 789 1345 914 1429; x_wconf 77' lang='lat' dir='ltr'><strong>aliquid</strong></span> <span class='ocrx_word' id='word_1_71' title='bbox 927 1347 1012 1430; x_wconf 79' lang='lat' dir='ltr'><strong>qaod</strong></span> <span class='ocrx_word' id='word_1_72' title='bbox 1025 1354 1137 1423; x_wconf 71' lang='lat' dir='ltr'><strong>exstat,</strong></span> <span class='ocrx_word' id='word_1_73' title='bbox 1164 1347 1246 1412; x_wconf 84' lang='lat' dir='ltr'><strong>alte-</strong></span> 
     </span>
     <span class='ocr_line' id='line_1_11' title="bbox 109 1447 1244 1532; baseline 0.004 -22"><span class='ocrx_word' id='word_1_74' title='bbox 109 1467 178 1510; x_wconf 89' lang='lat' dir='ltr'><strong>rum</strong></span> <span class='ocrx_word' id='word_1_75' title='bbox 202 1469 355 1530; x_wconf 70' lang='lat' dir='ltr'><strong>excepere</strong></span> <span class='ocrx_word' id='word_1_76' title='bbox 378 1447 539 1530; x_wconf 84' lang='lat' dir='ltr'><strong>significat</strong></span> <span class='ocrx_word' id='word_1_77' title='bbox 568 1447 661 1529; x_wconf 85' lang='lat' dir='ltr'><strong>quasi</strong></span> <span class='ocrx_word' id='word_1_78' title='bbox 680 1450 834 1532; x_wconf 77' lang='lat' dir='ltr'><strong>funditus·</strong></span> <span class='ocrx_word' id='word_1_79' title='bbox 864 1471 990 1532; x_wconf 73' lang='lat' dir='ltr'><strong>cupere.</strong></span> <span class='ocrx_word' id='word_1_80' title='bbox 1038 1451 1151 1532; x_wconf 78' lang='lat' dir='ltr'><strong>Itaque</strong></span> <span class='ocrx_word' id='word_1_81' title='bbox 1174 1471 1244 1515; x_wconf 92' lang='lat' dir='ltr'><strong>oum</strong></span> 
     </span>
     <span class='ocr_line' id='line_1_12' title="bbox 108 1549 1246 1636; baseline 0.002 -22"><span class='ocrx_word' id='word_1_82' title='bbox 108 1571 203 1631; x_wconf 90' lang='lat' dir='ltr'><strong>quam</strong></span> <span class='ocrx_word' id='word_1_83' title='bbox 228 1550 292 1613; x_wconf 90' lang='lat' dir='ltr'><strong>vim</strong></span> <span class='ocrx_word' id='word_1_84' title='bbox 317 1549 449 1614; x_wconf 88' lang='lat' dir='ltr'><strong>haberet</strong></span> <span class='ocrx_word' id='word_1_85' title='bbox 472 1551 678 1634; x_wconf 79' lang='lat' dir='ltr'><strong>praepositio,</strong></span> <span class='ocrx_word' id='word_1_86' title='bbox 706 1552 834 1635; x_wconf 84' lang='lat' dir='ltr'><strong>planius</strong></span> <span class='ocrx_word' id='word_1_87' title='bbox 865 1573 903 1616; x_wconf 85' lang='lat' dir='ltr'><strong>ao</strong></span> <span class='ocrx_word' id='word_1_88' title='bbox 925 1551 1053 1617; x_wconf 86' lang='lat' dir='ltr'><strong>facilins</strong></span> <span class='ocrx_word' id='word_1_89' title='bbox 1083 1553 1246 1636; x_wconf 89' lang='lat' dir='ltr'><strong>perspice-</strong></span> 
     </span>
     <span class='ocr_line' id='line_1_13' title="bbox 109 1653 1243 1737; baseline 0.004 -21"><span class='ocrx_word' id='word_1_90' title='bbox 109 1661 195 1718; x_wconf 86' lang='lat' dir='ltr'><strong>retur</strong></span> <span class='ocrx_word' id='word_1_91' title='bbox 217 1653 249 1716; x_wconf 92' lang='lat' dir='ltr'><strong>in</strong></span> <span class='ocrx_word' id='word_1_92' title='bbox 274 1653 378 1736; x_wconf 91' lang='lat' dir='ltr'><strong>priore</strong></span> <span class='ocrx_word' id='word_1_93' title='bbox 401 1654 498 1718; x_wconf 90' lang='lat' dir='ltr'><strong>verbo</strong></span> <span class='ocrx_word' id='word_1_94' title='bbox 521 1655 698 1737; x_wconf 87' lang='lat' dir='ltr'><strong>composito</strong></span> <span class='ocrx_word' id='word_1_95' title='bbox 722 1673 816 1736; x_wconf 85' lang='lat' dir='ltr'><strong>quum</strong></span> <span class='ocrx_word' id='word_1_96' title='bbox 847 1655 880 1718; x_wconf 91' lang='lat' dir='ltr'><strong>in</strong></span> <span class='ocrx_word' id='word_1_97' title='bbox 903 1657 1021 1733; x_wconf 83' lang='lat' dir='ltr'><strong>altero,</strong></span> <span class='ocrx_word' id='word_1_98' title='bbox 1056 1655 1168 1721; x_wconf 81' lang='lat' dir='ltr'><strong>Cicero</strong></span> <span class='ocrx_word' id='word_1_99' title='bbox 1191 1657 1243 1720; x_wconf 91' lang='lat' dir='ltr'><strong>ubi</strong></span> 
     </span>
     <span class='ocr_line' id='line_1_14' title="bbox 109 1756 1244 1841; baseline 0.002 -21"><span class='ocrx_word' id='word_1_100' title='bbox 109 1756 246 1840; x_wconf 91' lang='lat' dir='ltr'><strong>primum</strong></span> <span class='ocrx_word' id='word_1_101' title='bbox 278 1756 375 1822; x_wconf 90' lang='lat' dir='ltr'><strong>libros</strong></span> <span class='ocrx_word' id='word_1_102' title='bbox 409 1757 546 1821; x_wconf 87' lang='lat' dir='ltr'><strong>scribere</strong></span> <span class='ocrx_word' id='word_1_103' title='bbox 577 1757 700 1841; x_wconf 88' lang='lat' dir='ltr'><strong>coepit,</strong></span> <span class='ocrx_word' id='word_1_104' title='bbox 742 1758 918 1840; x_wconf 74' lang='lat' dir='ltr'><strong>erumpendi</strong></span> <span class='ocrx_word' id='word_1_105' title='bbox 952 1758 1082 1824; x_wconf 87' lang='lat' dir='ltr'><strong>verbum</strong></span> <span class='ocrx_word' id='word_1_106' title='bbox 1118 1763 1244 1822; x_wconf 90' lang='lat' dir='ltr'><strong>omuino</strong></span> 
     </span>
     <span class='ocr_line' id='line_1_15' title="bbox 108 1857 1244 1944; baseline 0.003 -22"><span class='ocrx_word' id='word_1_107' title='bbox 108 1859 226 1923; x_wconf 87' lang='lat' dir='ltr'><strong>abiecit</strong></span> <span class='ocrx_word' id='word_1_108' title='bbox 248 1865 280 1924; x_wconf 91' lang='lat' dir='ltr'><strong>et</strong></span> <span class='ocrx_word' id='word_1_109' title='bbox 303 1878 342 1924; x_wconf 87' lang='lat' dir='ltr'><strong>ue</strong></span> <span class='ocrx_word' id='word_1_110' title='bbox 365 1857 398 1922; x_wconf 91' lang='lat' dir='ltr'><strong>in</strong></span> <span class='ocrx_word' id='word_1_111' title='bbox 421 1860 650 1942; x_wconf 85' lang='lat' dir='ltr'><strong>posterioribus</strong></span> <span class='ocrx_word' id='word_1_112' title='bbox 673 1859 800 1942; x_wconf 88' lang='lat' dir='ltr'><strong>quidem</strong></span> <span class='ocrx_word' id='word_1_113' title='bbox 825 1859 954 1944; x_wconf 90' lang='lat' dir='ltr'><strong>scriptis</strong></span> <span class='ocrx_word' id='word_1_114' title='bbox 978 1881 1127 1942; x_wconf 86' lang='lat' dir='ltr'><strong>umquam</strong></span> <span class='ocrx_word' id='word_1_115' title='bbox 1152 1862 1244 1926; x_wconf 89' lang='lat' dir='ltr'><strong>resti-</strong></span> 
     </span>
     <span class='ocr_line' id='line_1_16' title="bbox 108 1962 1244 2046; baseline 0.004 -22"><span class='ocrx_word' id='word_1_116' title='bbox 108 1962 177 2041; x_wconf 88' lang='lat' dir='ltr'><strong>tuit,</strong></span> <span class='ocrx_word' id='word_1_117' title='bbox 205 1963 340 2026; x_wconf 87' lang='lat' dir='ltr'><strong>alterum</strong></span> <span class='ocrx_word' id='word_1_118' title='bbox 364 1969 469 2026; x_wconf 90' lang='lat' dir='ltr'><strong>autem</strong></span> <span class='ocrx_word' id='word_1_119' title='bbox 494 1963 650 2044; x_wconf 77' lang='lat' dir='ltr'><strong>cdaoqcrc</strong></span> <span class='ocrx_word' id='word_1_120' title='bbox 673 1963 706 2026; x_wconf 92' lang='lat' dir='ltr'><strong>in</strong></span> <span class='ocrx_word' id='word_1_121' title='bbox 730 1962 841 2046; x_wconf 88' lang='lat' dir='ltr'><strong>primis</strong></span> <span class='ocrx_word' id='word_1_122' title='bbox 865 1983 944 2044; x_wconf 89' lang='lat' dir='ltr'><strong>quos</strong></span> <span class='ocrx_word' id='word_1_123' title='bbox 961 1963 1138 2046; x_wconf 89' lang='lat' dir='ltr'><strong>composuit</strong></span> <span class='ocrx_word' id='word_1_124' title='bbox 1153 1963 1244 2029; x_wconf 89' lang='lat' dir='ltr'><strong>libris</strong></span> 
     </span>
     <span class='ocr_line' id='line_1_17' title="bbox 108 2065 1240 2149; baseline 0.003 -22"><span class='ocrx_word' id='word_1_125' title='bbox 108 2085 355 2147; x_wconf 85' lang='lat' dir='ltr'><strong>nonnumquam,</strong></span> <span class='ocrx_word' id='word_1_126' title='bbox 382 2073 492 2130; x_wconf 90' lang='lat' dir='ltr'><strong>contra</strong></span> <span class='ocrx_word' id='word_1_127' title='bbox 514 2065 546 2128; x_wconf 93' lang='lat' dir='ltr'><strong>in</strong></span> <span class='ocrx_word' id='word_1_128' title='bbox 572 2065 797 2149; x_wconf 86' lang='lat' dir='ltr'><strong>posterioribus</strong></span> <span class='ocrx_word' id='word_1_129' title='bbox 813 2065 981 2131; x_wconf 77' lang='lat' dir='ltr'><strong>admodum</strong></span> <span class='ocrx_word' id='word_1_130' title='bbox 997 2087 1068 2131; x_wconf 89' lang='lat' dir='ltr'><strong>raro</strong></span> <span class='ocrx_word' id='word_1_131' title='bbox 1084 2066 1240 2132; x_wconf 84' lang='lat' dir='ltr'><strong>adhibuit.</strong></span> 
     </span>
     <span class='ocr_line' id='line_1_18' title="bbox 110 2167 1245 2254; baseline 0.004 -24"><span class='ocrx_word' id='word_1_132' title='bbox 110 2169 158 2232; x_wconf 87' lang='lat' dir='ltr'><strong>De</strong></span> <span class='ocrx_word' id='word_1_133' title='bbox 181 2168 282 2232; x_wconf 90' lang='lat' dir='ltr'><strong>tribus</strong></span> <span class='ocrx_word' id='word_1_134' title='bbox 304 2167 401 2251; x_wconf 84' lang='lat' dir='ltr'><strong>igitur</strong></span> <span class='ocrx_word' id='word_1_135' title='bbox 422 2167 487 2232; x_wconf 92' lang='lat' dir='ltr'><strong>illis</strong></span> <span class='ocrx_word' id='word_1_136' title='bbox 511 2169 616 2232; x_wconf 86' lang='lat' dir='ltr'><strong>verbis</strong></span> <span class='ocrx_word' id='word_1_137' title='bbox 645 2168 687 2233; x_wconf 85' lang='lat' dir='ltr'><strong>ad</strong></span> <span class='ocrx_word' id='word_1_138' title='bbox 715 2176 891 2234; x_wconf 86' lang='lat' dir='ltr'><strong>extremum</strong></span> <span class='ocrx_word' id='word_1_139' title='bbox 922 2169 1043 2234; x_wconf 91' lang='lat' dir='ltr'><strong>nullum</strong></span> <span class='ocrx_word' id='word_1_140' title='bbox 1073 2171 1102 2234; x_wconf 91' lang='lat' dir='ltr'><strong>ei</strong></span> <span class='ocrx_word' id='word_1_141' title='bbox 1131 2189 1245 2254; x_wconf 89' lang='lat' dir='ltr'><strong>super-</strong></span> 
     </span>
     <span class='ocr_line' id='line_1_19' title="bbox 107 2270 1244 2356; baseline 0.004 -22"><span class='ocrx_word' id='word_1_142' title='bbox 107 2270 169 2335; x_wconf 81' lang='lat' dir='ltr'><strong>fuit</strong></span> <span class='ocrx_word' id='word_1_143' title='bbox 198 2271 259 2335; x_wconf 92' lang='lat' dir='ltr'><strong>nisi</strong></span> <span class='ocrx_word' id='word_1_144' title='bbox 288 2271 418 2336; x_wconf 84' lang='lat' dir='ltr'><strong>verbum</strong></span> <span class='ocrx_word' id='word_1_145' title='bbox 450 2270 587 2354; x_wconf 82' lang='lat' dir='ltr'><strong>simplex</strong></span> <span class='ocrx_word' id='word_1_146' title='bbox 618 2295 742 2356; x_wconf 72' lang='lat' dir='ltr'><strong>cupere.</strong></span> <span class='ocrx_word' id='word_1_147' title='bbox 790 2272 883 2356; x_wconf 87' lang='lat' dir='ltr'><strong>Apud</strong></span> <span class='ocrx_word' id='word_1_148' title='bbox 914 2271 1117 2338; x_wconf 82' lang='lat' dir='ltr'><strong>Cornificium</strong></span> <span class='ocrx_word' id='word_1_149' title='bbox 1146 2274 1244 2338; x_wconf 91' lang='lat' dir='ltr'><strong>verba</strong></span> 
     </span>
     <span class='ocr_line' id='line_1_20' title="bbox 106 2373 1242 2461; baseline 0.002 -24"><span class='ocrx_word' id='word_1_150' title='bbox 106 2373 169 2438; x_wconf 92' lang='lat' dir='ltr'><strong>duo</strong></span> <span class='ocrx_word' id='word_1_151' title='bbox 186 2373 363 2456; x_wconf 87' lang='lat' dir='ltr'><strong>composita</strong></span> <span class='ocrx_word' id='word_1_152' title='bbox 377 2373 580 2438; x_wconf 87' lang='lat' dir='ltr'><strong>inveniuntur</strong></span> <span class='ocrx_word' id='word_1_153' title='bbox 595 2375 650 2453; x_wconf 83' lang='lat' dir='ltr'><strong>ita,</strong></span> <span class='ocrx_word' id='word_1_154' title='bbox 670 2380 705 2438; x_wconf 91' lang='lat' dir='ltr'><strong>ut</strong></span> <span class='ocrx_word' id='word_1_155' title='bbox 721 2375 808 2459; x_wconf 91' lang='lat' dir='ltr'><strong>apud</strong></span> <span class='ocrx_word' id='word_1_156' title='bbox 823 2375 927 2458; x_wconf 91' lang='lat' dir='ltr'><strong>ipsum</strong></span> <span class='ocrx_word' id='word_1_157' title='bbox 944 2395 1069 2459; x_wconf 88' lang='lat' dir='ltr'><strong>quoque</strong></span> <span class='ocrx_word' id='word_1_158' title='bbox 1085 2378 1242 2461; x_wconf 76' lang='lat' dir='ltr'><strong>oclaupcrc</strong></span> 
     </span>
     <span class='ocr_line' id='line_1_21' title="bbox 107 2459 1239 2560; baseline 0.002 -20"><span class='ocrx_word' id='word_1_159' title='bbox 107 2475 238 2559; x_wconf 85' lang='lat' dir='ltr'><strong>saepius</strong></span> <span class='ocrx_word' id='word_1_160' title='bbox 260 2459 385 2557; x_wconf 85' lang='lat' dir='ltr'><strong>legatur</strong></span> <span class='ocrx_word' id='word_1_161' title='bbox 407 2496 499 2558; x_wconf 91' lang='lat' dir='ltr'><strong>quam</strong></span> <span class='ocrx_word' id='word_1_162' title='bbox 528 2498 698 2558; x_wconf 67' lang='lat' dir='ltr'><strong>excepere:</strong></span> <span class='ocrx_word' id='word_1_163' title='bbox 732 2478 888 2560; x_wconf 73' lang='lat' dir='ltr'><strong>accepere</strong></span> <span class='ocrx_word' id='word_1_164' title='bbox 911 2477 1006 2543; x_wconf 84' lang='lat' dir='ltr'><strong>Corn.</strong></span> <span class='ocrx_word' id='word_1_165' title='bbox 1033 2477 1080 2560; x_wconf 91' lang='grc' dir='ltr'><strong>ΙΙ,</strong></span> <span class='ocrx_word' id='word_1_166' title='bbox 1109 2483 1159 2558; x_wconf 86' lang='grc'><strong>25,</strong></span> <span class='ocrx_word' id='word_1_167' title='bbox 1188 2483 1239 2543; x_wconf 87' lang='grc'><strong>39.</strong></span> 
     </span>
     <span class='ocr_line' id='line_1_22' title="bbox 108 2580 1239 2667; baseline 0.004 -24"><span class='ocrx_word' id='word_1_168' title='bbox 108 2584 161 2656; x_wconf 89' lang='grc'><strong>30,</strong></span> <span class='ocrx_word' id='word_1_169' title='bbox 188 2583 239 2642; x_wconf 74' lang='lat'><strong>⁴7.</strong></span> <span class='ocrx_word' id='word_1_170' title='bbox 265 2580 324 2659; x_wconf 88' lang='lat'>111,</span> <span class='ocrx_word' id='word_1_171' title='bbox 355 2583 385 2660; x_wconf 80' lang='lat'><strong>2,</strong></span> <span class='ocrx_word' id='word_1_172' title='bbox 413 2583 443 2643; x_wconf 81' lang='lat'><strong>2.</strong></span> <span class='ocrx_word' id='word_1_173' title='bbox 473 2584 521 2658; x_wconf 87' lang='lat' dir='ltr'><strong>ll,</strong></span> <span class='ocrx_word' id='word_1_174' title='bbox 543 2583 594 2643; x_wconf 78' lang='grc'><strong>20.</strong></span> <span class='ocrx_word' id='word_1_175' title='bbox 624 2585 672 2657; x_wconf 80' lang='grc'><strong>14,</strong></span> <span class='ocrx_word' id='word_1_176' title='bbox 693 2583 745 2642; x_wconf 80' lang='grc'><strong>25.</strong></span> <span class='ocrx_word' id='word_1_177' title='bbox 777 2581 832 2660; x_wconf 82' lang='grc' dir='ltr'><strong>Ν,</strong></span> <span class='ocrx_word' id='word_1_178' title='bbox 860 2583 911 2660; x_wconf 88' lang='grc'><strong>33,</strong></span> <span class='ocrx_word' id='word_1_179' title='bbox 932 2585 988 2660; x_wconf 84' lang='grc'><strong>45;</strong></span> <span class='ocrx_word' id='word_1_180' title='bbox 1022 2605 1174 2667; x_wconf 71' lang='lat' dir='ltr'><strong>excepere</strong></span> <span class='ocrx_word' id='word_1_181' title='bbox 1196 2584 1239 2665; x_wconf 85' lang='grc' dir='ltr'><strong>ΙΙ,</strong></span> 
     </span>
     <span class='ocr_line' id='line_1_23' title="bbox 109 2682 1238 2768; baseline 0.004 -23"><span class='ocrx_word' id='word_1_182' title='bbox 109 2687 160 2760; x_wconf 86' lang='grc'><strong>29,</strong></span> <span class='ocrx_word' id='word_1_183' title='bbox 178 2687 229 2744; x_wconf 78' lang='lat' dir='ltr'><strong>lb.</strong></span> <span class='ocrx_word' id='word_1_184' title='bbox 256 2683 311 2759; x_wconf 90' lang='lat' dir='ltr'><strong>IV,</strong></span> <span class='ocrx_word' id='word_1_185' title='bbox 335 2685 457 2762; x_wconf 74' lang='lat'><strong>13,19.</strong></span> <span class='ocrx_word' id='word_1_186' title='bbox 484 2686 535 2758; x_wconf 77' lang='grc'><strong>24,</strong></span> <span class='ocrx_word' id='word_1_187' title='bbox 552 2685 611 2760; x_wconf 74' lang='grc' dir='ltr'><strong>34ς</strong></span> <span class='ocrx_word' id='word_1_188' title='bbox 638 2683 724 2766; x_wconf 83' lang='lat' dir='ltr'><strong>opud</strong></span> <span class='ocrx_word' id='word_1_189' title='bbox 747 2682 928 2748; x_wconf 82' lang='lat' dir='ltr'><strong>Ciceronem</strong></span> <span class='ocrx_word' id='word_1_190' title='bbox 951 2685 1106 2768; x_wconf 77' lang='lat' dir='ltr'><strong>cdoupcrc</strong></span> <span class='ocrx_word' id='word_1_191' title='bbox 1128 2685 1193 2750; x_wconf 91' lang='lat' dir='ltr'><strong>inv.</strong></span> <span class='ocrx_word' id='word_1_192' title='bbox 1214 2687 1238 2764; x_wconf 92' lang='grc' dir='ltr'><strong>Ι,</strong></span> 
     </span>
     <span class='ocr_line' id='line_1_24' title="bbox 97 2777 1241 2869; baseline 0.006 -24"><span class='ocrx_word' id='word_1_193' title='bbox 97 2789 138 2866; x_wconf 84' lang='grc'><strong>,3,</strong></span> <span class='ocrx_word' id='word_1_194' title='bbox 159 2791 189 2847; x_wconf 78' lang='lat' dir='ltr'><strong>a.</strong></span> <span class='ocrx_word' id='word_1_195' title='bbox 217 2784 265 2865; x_wconf 83' lang='lat'><strong>11,</strong></span> <span class='ocrx_word' id='word_1_196' title='bbox 302 2787 351 2864; x_wconf 84' lang='lat'><strong>18,</strong></span> <span class='ocrx_word' id='word_1_197' title='bbox 371 2789 424 2848; x_wconf 92' lang='lat'><strong>55.</strong></span> <span class='ocrx_word' id='word_1_198' title='bbox 457 2788 513 2864; x_wconf 81' lang='lat'><strong>25,</strong></span> <span class='ocrx_word' id='word_1_199' title='bbox 534 2789 586 2848; x_wconf 89' lang='lat' dir='ltr'><strong>r5.</strong></span> <span class='ocrx_word' id='word_1_200' title='bbox 621 2787 671 2865; x_wconf 76' lang='lat'><strong>33,</strong></span> <span class='ocrx_word' id='word_1_201' title='bbox 698 2790 769 2849; x_wconf 89' lang='lat' dir='ltr'><strong>ror.</strong></span> <span class='ocrx_word' id='word_1_202' title='bbox 817 2777 1092 2869; x_wconf 70' lang='lat' dir='ltr'><strong>noscamur,</strong></span> <span class='ocrx_word' id='word_1_203' title='bbox 1120 2791 1178 2862; x_wconf 83' lang='lat' dir='ltr'><strong>so;</strong></span> <span class='ocrx_word' id='word_1_204' title='bbox 1209 2787 1241 2852; x_wconf 85' lang='lat' dir='ltr'><strong>in</strong></span> 
     </span>
     <span class='ocr_line' id='line_1_25' title="bbox 107 2887 1239 2970; baseline 0.002 -18"><span class='ocrx_word' id='word_1_205' title='bbox 107 2887 240 2970; x_wconf 84' lang='lat' dir='ltr'><strong>reliquis</strong></span> <span class='ocrx_word' id='word_1_206' title='bbox 261 2887 408 2952; x_wconf 91' lang='lat' dir='ltr'><strong>omnihus</strong></span> <span class='ocrx_word' id='word_1_207' title='bbox 430 2887 627 2952; x_wconf 86' lang='lat' dir='ltr'><strong>orationibus</strong></span> <span class='ocrx_word' id='word_1_208' title='bbox 642 2895 773 2953; x_wconf 84' lang='lat' dir='ltr'><strong>auctore</strong></span> <span class='ocrx_word' id='word_1_209' title='bbox 788 2889 965 2970; x_wconf 85' lang='lat' dir='ltr'><strong>Merguetio</strong></span> <span class='ocrx_word' id='word_1_210' title='bbox 986 2888 1027 2964; x_wconf 80' lang='lat' dir='ltr'><strong>lin</strong></span> <span class='ocrx_word' id='word_1_211' title='bbox 1043 2890 1144 2954; x_wconf 83' lang='lat' dir='ltr'><strong>lexico</strong></span> <span class='ocrx_word' id='word_1_212' title='bbox 1159 2899 1239 2955; x_wconf 89' lang='lat' dir='ltr'><strong>orat.</strong></span> 
     </span>
     <span class='ocr_line' id='line_1_26' title="bbox 107 2989 1242 3075; baseline 0 -19"><span class='ocrx_word' id='word_1_213' title='bbox 107 2991 265 3071; x_wconf 66' lang='lat' dir='ltr'><strong>Ciceroni</strong></span> <span class='ocrx_word' id='word_1_214' title='bbox 294 2989 421 3055; x_wconf 91' lang='lat' dir='ltr'><strong>omnino</strong></span> <span class='ocrx_word' id='word_1_215' title='bbox 444 2990 544 3056; x_wconf 85' lang='lat' dir='ltr'><strong>semel</strong></span> <span class='ocrx_word' id='word_1_216' title='bbox 567 2990 701 3072; x_wconf 79' lang='lat' dir='ltr'><strong>legitur:</strong></span> <span class='ocrx_word' id='word_1_217' title='bbox 728 2998 801 3074; x_wconf 90' lang='lat' dir='ltr'><strong>post</strong></span> <span class='ocrx_word' id='word_1_218' title='bbox 823 2989 890 3054; x_wconf 91' lang='lat' dir='ltr'><strong>red.</strong></span> <span class='ocrx_word' id='word_1_219' title='bbox 916 2991 950 3054; x_wconf 91' lang='lat' dir='ltr'><strong>in</strong></span> <span class='ocrx_word' id='word_1_220' title='bbox 973 3010 1041 3055; x_wconf 91' lang='lat' dir='ltr'><strong>sen.</strong></span> <span class='ocrx_word' id='word_1_221' title='bbox 1066 2995 1123 3069; x_wconf 73' lang='lat'><strong>:563</strong></span> <span class='ocrx_word' id='word_1_222' title='bbox 1149 3013 1242 3075; x_wconf 87' lang='lat' dir='ltr'><strong>prae-</strong></span> 
     </span>
     <span class='ocr_line' id='line_1_27' title="bbox 107 3093 599 3177; baseline -0.004 -19"><span class='ocrx_word' id='word_1_223' title='bbox 107 3101 200 3171; x_wconf 58' lang='lat' dir='ltr'><strong>terea,</strong></span> <span class='ocrx_word' id='word_1_224' title='bbox 218 3093 310 3158; x_wconf 83' lang='lat' dir='ltr'><strong>acad.</strong></span> <span class='ocrx_word' id='word_1_225' title='bbox 336 3097 419 3177; x_wconf 85' lang='lat' dir='ltr'><strong>post.</strong></span> <span class='ocrx_word' id='word_1_226' title='bbox 444 3094 469 3174; x_wconf 92' lang='grc' dir='ltr'><strong>Ι,</strong></span> <span class='ocrx_word' id='word_1_227' title='bbox 497 3098 526 3172; x_wconf 87' lang='grc'><strong>5,</strong></span> <span class='ocrx_word' id='word_1_228' title='bbox 548 3096 599 3156; x_wconf 83' lang='lat'><strong>21.</strong></span> 
     </span>
    </p>

    <p class='ocr_par' dir='ltr' id='par_1_4' title="bbox 106 3196 1244 4312">
     <span class='ocr_line' id='line_1_28' title="bbox 195 3196 1244 3280; baseline 0.002 -20"><span class='ocrx_word' id='word_1_229' title='bbox 195 3198 267 3262; x_wconf 90' lang='lat' dir='ltr'><strong>Duo</strong></span> <span class='ocrx_word' id='word_1_230' title='bbox 290 3196 346 3262; x_wconf 93' lang='lat' dir='ltr'><strong>illa</strong></span> <span class='ocrx_word' id='word_1_231' title='bbox 368 3196 468 3262; x_wconf 87' lang='lat' dir='ltr'><strong>verbo</strong></span> <span class='ocrx_word' id='word_1_232' title='bbox 490 3196 664 3279; x_wconf 90' lang='lat' dir='ltr'><strong>composita</strong></span> <span class='ocrx_word' id='word_1_233' title='bbox 684 3197 748 3261; x_wconf 87' lang='lat' dir='ltr'><strong>iam</strong></span> <span class='ocrx_word' id='word_1_234' title='bbox 765 3197 853 3280; x_wconf 88' lang='lat' dir='ltr'><strong>epud</strong></span> <span class='ocrx_word' id='word_1_235' title='bbox 867 3197 990 3280; x_wconf 91' lang='lat' dir='ltr'><strong>priscos</strong></span> <span class='ocrx_word' id='word_1_236' title='bbox 1006 3206 1117 3280; x_wconf 85' lang='lat' dir='ltr'><strong>poetas</strong></span> <span class='ocrx_word' id='word_1_237' title='bbox 1131 3199 1244 3280; x_wconf 80' lang='lat' dir='ltr'><strong>legun-</strong></span> 
     </span>
     <span class='ocr_line' id='line_1_29' title="bbox 108 3299 1239 3384; baseline 0 -18"><span class='ocrx_word' id='word_1_238' title='bbox 108 3309 173 3366; x_wconf 82' lang='lat' dir='ltr'><strong>tur:</strong></span> <span class='ocrx_word' id='word_1_239' title='bbox 198 3301 358 3384; x_wconf 74' lang='lat' dir='ltr'><strong>adceperc</strong></span> <span class='ocrx_word' id='word_1_240' title='bbox 380 3299 485 3364; x_wconf 84' lang='lat' dir='ltr'><strong>Plaut.</strong></span> <span class='ocrx_word' id='word_1_241' title='bbox 512 3299 609 3364; x_wconf 83' lang='lat' dir='ltr'><strong>Stich.</strong></span> <span class='ocrx_word' id='word_1_242' title='bbox 638 3303 667 3379; x_wconf 84' lang='grc'><strong>2,</strong></span> <span class='ocrx_word' id='word_1_243' title='bbox 689 3303 717 3378; x_wconf 89' lang='grc'><strong>2,</strong></span> <span class='ocrx_word' id='word_1_244' title='bbox 739 3304 789 3364; x_wconf 85' lang='grc'><strong>62.</strong></span> <span class='ocrx_word' id='word_1_245' title='bbox 837 3301 912 3366; x_wconf 79' lang='lat' dir='ltr'><strong>Ter.</strong></span> <span class='ocrx_word' id='word_1_246' title='bbox 938 3300 1053 3365; x_wconf 83' lang='lat' dir='ltr'><strong>Heaut.</strong></span> <span class='ocrx_word' id='word_1_247' title='bbox 1081 3303 1110 3378; x_wconf 90' lang='grc'><strong>3,</strong></span> <span class='ocrx_word' id='word_1_248' title='bbox 1134 3305 1160 3380; x_wconf 88' lang='grc'><strong>1,</strong></span> <span class='ocrx_word' id='word_1_249' title='bbox 1181 3305 1239 3380; x_wconf 86' lang='grc'><strong>26;</strong></span> 
     </span>
     <span class='ocr_line' id='line_1_30' title="bbox 107 3401 1240 3487; baseline 0 -20"><span class='ocrx_word' id='word_1_250' title='bbox 107 3425 266 3487; x_wconf 70' lang='lat' dir='ltr'><strong>eracapere</strong></span> <span class='ocrx_word' id='word_1_251' title='bbox 288 3403 336 3468; x_wconf 89' lang='lat' dir='ltr'><strong>Pl.</strong></span> <span class='ocrx_word' id='word_1_252' title='bbox 357 3401 456 3468; x_wconf 84' lang='lat' dir='ltr'><strong>Stich.</strong></span> <span class='ocrx_word' id='word_1_253' title='bbox 484 3406 513 3482; x_wconf 90' lang='grc'><strong>2,</strong></span> <span class='ocrx_word' id='word_1_254' title='bbox 536 3407 563 3482; x_wconf 87' lang='grc'><strong>1,</strong></span> <span class='ocrx_word' id='word_1_255' title='bbox 584 3406 635 3466; x_wconf 87' lang='grc'><strong>32.</strong></span> <span class='ocrx_word' id='word_1_256' title='bbox 677 3403 759 3467; x_wconf 84' lang='lat' dir='ltr'><strong>Eun.</strong></span> <span class='ocrx_word' id='word_1_257' title='bbox 779 3423 853 3468; x_wconf 87' lang='lat' dir='ltr'><strong>ann.</strong></span> <span class='ocrx_word' id='word_1_258' title='bbox 874 3406 935 3466; x_wconf 83' lang='grc'><strong>290</strong></span> <span class='ocrx_word' id='word_1_259' title='bbox 947 3405 986 3468; x_wconf 94' lang='lat' dir='ltr'><strong>V.</strong></span> <span class='ocrx_word' id='word_1_260' title='bbox 1026 3405 1095 3468; x_wconf 80' lang='lat' dir='ltr'><strong>Ter.</strong></span> <span class='ocrx_word' id='word_1_261' title='bbox 1123 3405 1240 3470; x_wconf 90' lang='lat' dir='ltr'><strong>Heaut.</strong></span> 
     </span>
     <span class='ocr_line' id='line_1_31' title="bbox 108 3505 1243 3591; baseline 0.002 -21"><span class='ocrx_word' id='word_1_262' title='bbox 108 3512 137 3588; x_wconf 85' lang='grc'><strong>2,</strong></span> <span class='ocrx_word' id='word_1_263' title='bbox 158 3511 188 3587; x_wconf 86' lang='grc'><strong>2,</strong></span> <span class='ocrx_word' id='word_1_264' title='bbox 209 3509 240 3570; x_wconf 83' lang='grc'><strong>3.</strong></span> <span class='ocrx_word' id='word_1_265' title='bbox 280 3506 376 3590; x_wconf 90' lang='lat' dir='ltr'><strong>Apud</strong></span> <span class='ocrx_word' id='word_1_266' title='bbox 398 3525 516 3571; x_wconf 83' lang='lat' dir='ltr'><strong>aureae</strong></span> <span class='ocrx_word' id='word_1_267' title='bbox 539 3512 644 3571; x_wconf 86' lang='lat' dir='ltr'><strong>autem</strong></span> <span class='ocrx_word' id='word_1_268' title='bbox 668 3506 786 3572; x_wconf 84' lang='lat' dir='ltr'><strong>aetatis</strong></span> <span class='ocrx_word' id='word_1_269' title='bbox 809 3505 979 3591; x_wconf 81' lang='lat' dir='ltr'><strong>scriptores</strong></span> <span class='ocrx_word' id='word_1_270' title='bbox 995 3507 1079 3572; x_wconf 92' lang='lat' dir='ltr'><strong>idem</strong></span> <span class='ocrx_word' id='word_1_271' title='bbox 1096 3507 1162 3572; x_wconf 88' lang='lat' dir='ltr'><strong>fere</strong></span> <span class='ocrx_word' id='word_1_272' title='bbox 1178 3508 1243 3572; x_wconf 89' lang='lat' dir='ltr'><strong>illis</strong></span> 
     </span>
     <span class='ocr_line' id='line_1_32' title="bbox 107 3609 1242 3694; baseline 0 -19"><span class='ocrx_word' id='word_1_273' title='bbox 107 3609 225 3676; x_wconf 89' lang='lat' dir='ltr'><strong>accidit</strong></span> <span class='ocrx_word' id='word_1_274' title='bbox 246 3609 330 3692; x_wconf 92' lang='lat' dir='ltr'><strong>quod</strong></span> <span class='ocrx_word' id='word_1_275' title='bbox 352 3610 439 3692; x_wconf 91' lang='lat' dir='ltr'><strong>apud</strong></span> <span class='ocrx_word' id='word_1_276' title='bbox 456 3609 658 3677; x_wconf 82' lang='lat' dir='ltr'><strong>Ciceronem:</strong></span> <span class='ocrx_word' id='word_1_277' title='bbox 686 3632 837 3694; x_wconf 72' lang='lat' dir='ltr'><strong>excepere</strong></span> <span class='ocrx_word' id='word_1_278' title='bbox 859 3610 955 3690; x_wconf 84' lang='lat' dir='ltr'><strong>enirn,</strong></span> <span class='ocrx_word' id='word_1_279' title='bbox 983 3610 1066 3693; x_wconf 88' lang='lat' dir='ltr'><strong>quod</strong></span> <span class='ocrx_word' id='word_1_280' title='bbox 1090 3631 1130 3676; x_wconf 84' lang='lat' dir='ltr'><strong>ex</strong></span> <span class='ocrx_word' id='word_1_281' title='bbox 1148 3611 1242 3675; x_wconf 92' lang='lat' dir='ltr'><strong>huius</strong></span> 
     </span>
     <span class='ocr_line' id='line_1_33' title="bbox 106 3712 1243 3796; baseline 0 -18"><span class='ocrx_word' id='word_1_282' title='bbox 106 3714 223 3779; x_wconf 86' lang='lat' dir='ltr'><strong>aetatis</strong></span> <span class='ocrx_word' id='word_1_283' title='bbox 239 3713 447 3796; x_wconf 86' lang='lat' dir='ltr'><strong>scriptoribus</strong></span> <span class='ocrx_word' id='word_1_284' title='bbox 463 3732 545 3776; x_wconf 92' lang='lat' dir='ltr'><strong>unus</strong></span> <span class='ocrx_word' id='word_1_285' title='bbox 561 3712 729 3778; x_wconf 88' lang='lat' dir='ltr'><strong>Lucretius</strong></span> <span class='ocrx_word' id='word_1_286' title='bbox 747 3719 776 3789; x_wconf 80' lang='grc'><strong>5,</strong></span> <span class='ocrx_word' id='word_1_287' title='bbox 794 3717 850 3776; x_wconf 84' lang='lat'><strong>611</strong></span> <span class='ocrx_word' id='word_1_288' title='bbox 873 3713 1012 3792; x_wconf 80' lang='lat' dir='ltr'><strong>admisit,</strong></span> <span class='ocrx_word' id='word_1_289' title='bbox 1033 3713 1119 3796; x_wconf 86' lang='lat' dir='ltr'><strong>apud</strong></span> <span class='ocrx_word' id='word_1_290' title='bbox 1135 3720 1243 3796; x_wconf 90' lang='lat' dir='ltr'><strong>poste-</strong></span> 
     </span>
     <span class='ocr_line' id='line_1_34' title="bbox 106 3815 1242 3900; baseline -0.001 -19"><span class='ocrx_word' id='word_1_291' title='bbox 106 3817 200 3882; x_wconf 88' lang='lat' dir='ltr'><strong>rioris</strong></span> <span class='ocrx_word' id='word_1_292' title='bbox 228 3815 356 3881; x_wconf 85' lang='lat' dir='ltr'><strong>demum</strong></span> <span class='ocrx_word' id='word_1_293' title='bbox 384 3815 537 3899; x_wconf 91' lang='lat' dir='ltr'><strong>temporis</strong></span> <span class='ocrx_word' id='word_1_294' title='bbox 565 3815 751 3899; x_wconf 82' lang='lat' dir='ltr'><strong>scriptores,</strong></span> <span class='ocrx_word' id='word_1_295' title='bbox 787 3817 874 3880; x_wconf 88' lang='lat' dir='ltr'><strong>velut</strong></span> <span class='ocrx_word' id='word_1_296' title='bbox 902 3815 988 3900; x_wconf 88' lang='lat' dir='ltr'><strong>apud</strong></span> <span class='ocrx_word' id='word_1_297' title='bbox 1018 3815 1242 3899; x_wconf 85' lang='lat' dir='ltr'><strong>Symmachum</strong></span> 
     </span>
     <span class='ocr_line' id='line_1_35' title="bbox 107 3918 1240 4004; baseline -0.004 -18"><span class='ocrx_word' id='word_1_298' title='bbox 107 3941 159 4004; x_wconf 90' lang='lat' dir='ltr'><strong>ep.</strong></span> <span class='ocrx_word' id='word_1_299' title='bbox 189 3925 216 4000; x_wconf 85' lang='lat' dir='ltr'><strong>t,</strong></span> <span class='ocrx_word' id='word_1_300' title='bbox 236 3923 275 3982; x_wconf 82' lang='grc'><strong>27</strong></span> <span class='ocrx_word' id='word_1_301' title='bbox 301 3925 333 3984; x_wconf 91' lang='lat' dir='ltr'><strong>et</strong></span> <span class='ocrx_word' id='word_1_302' title='bbox 354 3918 440 4003; x_wconf 82' lang='lat' dir='ltr'><strong>opud</strong></span> <span class='ocrx_word' id='word_1_303' title='bbox 464 3919 657 3984; x_wconf 82' lang='lat' dir='ltr'><strong>Eucherium</strong></span> <span class='ocrx_word' id='word_1_304' title='bbox 682 3938 733 4003; x_wconf 90' lang='lat' dir='ltr'><strong>ep.</strong></span> <span class='ocrx_word' id='word_1_305' title='bbox 760 3939 906 4003; x_wconf 79' lang='lat' dir='ltr'><strong>parcen,</strong></span> <span class='ocrx_word' id='word_1_306' title='bbox 939 3919 1044 3984; x_wconf 89' lang='lat' dir='ltr'><strong>denuo</strong></span> <span class='ocrx_word' id='word_1_307' title='bbox 1073 3920 1240 4001; x_wconf 88' lang='lat' dir='ltr'><strong>reperitur.</strong></span> 
     </span>
     <span class='ocr_line' id='line_1_36' title="bbox 108 4019 1243 4106; baseline -0.002 -18"><span class='ocrx_word' id='word_1_308' title='bbox 108 4023 302 4106; x_wconf 75' lang='lat' dir='ltr'><strong>Aduupcndi</strong></span> <span class='ocrx_word' id='word_1_309' title='bbox 311 4030 418 4088; x_wconf 89' lang='lat' dir='ltr'><strong>autem</strong></span> <span class='ocrx_word' id='word_1_310' title='bbox 431 4023 526 4088; x_wconf 86' lang='lat' dir='ltr'><strong>verbo</strong></span> <span class='ocrx_word' id='word_1_311' title='bbox 539 4022 684 4088; x_wconf 89' lang='lat' dir='ltr'><strong>nonnulli</strong></span> <span class='ocrx_word' id='word_1_312' title='bbox 697 4042 814 4088; x_wconf 85' lang='lat' dir='ltr'><strong>aureae</strong></span> <span class='ocrx_word' id='word_1_313' title='bbox 826 4022 942 4088; x_wconf 90' lang='lat' dir='ltr'><strong>aetatis</strong></span> <span class='ocrx_word' id='word_1_314' title='bbox 958 4019 1130 4104; x_wconf 84' lang='lat' dir='ltr'><strong>scriptores</strong></span> <span class='ocrx_word' id='word_1_315' title='bbox 1143 4020 1243 4086; x_wconf 91' lang='lat' dir='ltr'><strong>iuter-</strong></span> 
     </span>
     <span class='ocr_line' id='line_1_37' title="bbox 107 4124 1239 4205; baseline -0.004 -13"><span class='ocrx_word' id='word_1_316' title='bbox 107 4127 182 4192; x_wconf 91' lang='lat' dir='ltr'><strong>dum</strong></span> <span class='ocrx_word' id='word_1_317' title='bbox 200 4131 341 4205; x_wconf 87' lang='lat' dir='ltr'><strong>utuntur,</strong></span> <span class='ocrx_word' id='word_1_318' title='bbox 358 4126 445 4191; x_wconf 85' lang='lat' dir='ltr'><strong>velut</strong></span> <span class='ocrx_word' id='word_1_319' title='bbox 457 4125 578 4190; x_wconf 80' lang='lat' dir='ltr'><strong>Caesar</strong></span> <span class='ocrx_word' id='word_1_320' title='bbox 593 4126 624 4189; x_wconf 90' lang='lat' dir='ltr'><strong>b.</strong></span> <span class='ocrx_word' id='word_1_321' title='bbox 640 4125 700 4190; x_wconf 89' lang='lat' dir='ltr'><strong>civ.</strong></span> <span class='ocrx_word' id='word_1_322' title='bbox 718 4128 748 4202; x_wconf 83' lang='lat'><strong>3,</strong></span> <span class='ocrx_word' id='word_1_323' title='bbox 760 4129 816 4200; x_wconf 85' lang='lat' dir='ltr'><strong>5s;</strong></span> <span class='ocrx_word' id='word_1_324' title='bbox 836 4125 913 4190; x_wconf 88' lang='lat' dir='ltr'><strong>item</strong></span> <span class='ocrx_word' id='word_1_325' title='bbox 928 4130 1012 4188; x_wconf 79' lang='lat' dir='ltr'><strong>suot.</strong></span> <span class='ocrx_word' id='word_1_326' title='bbox 1031 4124 1239 4188; x_wconf 81' lang='lat' dir='ltr'><strong>b.Alex.12:</strong></span> 
     </span>
     <span class='ocr_line' id='line_1_38' title="bbox 107 4226 1242 4312; baseline -0.002 -18"><span class='ocrx_word' id='word_1_327' title='bbox 107 4235 193 4294; x_wconf 88' lang='lat' dir='ltr'><strong>auct.</strong></span> <span class='ocrx_word' id='word_1_328' title='bbox 206 4229 237 4294; x_wconf 92' lang='lat' dir='ltr'><strong>b.</strong></span> <span class='ocrx_word' id='word_1_329' title='bbox 250 4228 316 4293; x_wconf 82' lang='lat' dir='ltr'><strong>Alr.</strong></span> <span class='ocrx_word' id='word_1_330' title='bbox 336 4233 363 4312; x_wconf 86' lang='lat'><strong>1,</strong></span> <span class='ocrx_word' id='word_1_331' title='bbox 377 4234 406 4309; x_wconf 87' lang='lat'><strong>5,</strong></span> <span class='ocrx_word' id='word_1_332' title='bbox 422 4248 514 4312; x_wconf 88' lang='lat' dir='ltr'><strong>quern</strong></span> <span class='ocrx_word' id='word_1_333' title='bbox 528 4236 697 4310; x_wconf 88' lang='lat' dir='ltr'><strong>utrumque</strong></span> <span class='ocrx_word' id='word_1_334' title='bbox 709 4248 730 4292; x_wconf 85' lang='lat' dir='ltr'><strong>a</strong></span> <span class='ocrx_word' id='word_1_335' title='bbox 741 4247 885 4294; x_wconf 89' lang='lat' dir='ltr'><strong>sermone</strong></span> <span class='ocrx_word' id='word_1_336' title='bbox 897 4227 1023 4310; x_wconf 84' lang='lat' dir='ltr'><strong>vulgari</strong></span> <span class='ocrx_word' id='word_1_337' title='bbox 1036 4246 1097 4292; x_wconf 92' lang='lat' dir='ltr'><strong>non</strong></span> <span class='ocrx_word' id='word_1_338' title='bbox 1111 4226 1242 4292; x_wconf 90' lang='lat' dir='ltr'><strong>nimium</strong></span> 
     </span>
    </p>
   </div>
   <div class='ocr_carea' id='block_1_3' title="bbox 0 0 1496 4884">
    <p class='ocr_par' dir='ltr' id='par_1_5' title="bbox 0 0 1496 4884">
     <span class='ocr_line' id='line_1_39' title="bbox 0 0 1496 4884; baseline 0 0"><span class='ocrx_word' id='word_1_339' title='bbox 0 0 1496 4884; x_wconf 95' lang='lat' dir='ltr'><strong> </strong></span> 
     </span>
    </p>
   </div>
  </div>
 </body>
</html>
