3034 4896
742 299 959 360 ,46-

352 485 404 567 (ΙΙ,
435 487 526 566 11161
554 484 687 569 donique
709 484 754 548 nd
774 492 945 548 octrumum
967 480 1127 546 ueremur?
1142 478 1262 564 pcrfim
1271 478 1369 564 fierem

544 587 648 652 omus'u
667 584 818 669 perduxit
841 607 947 650 rerum
968 593 1085 648 nutura
1107 582 1256 648 creatrix.

283 689 335 755 Ad
349 689 503 758 editorem
515 695 624 756 summ
636 709 692 755 cur
703 687 966 772 interpolationes
977 706 1128 754 revocare
1144 683 1310 752 maluerim
1320 703 1404 766 qnam

283 791 326 858 ad
341 792 585 876 grammaticum
606 792 708 872 illum,
733 811 828 874 quern
844 793 877 857 in
892 790 1032 856 Lucretii
1048 789 1241 858 carminibus
1257 795 1404 855 versatum

283 914 356 961 esse
378 895 486 976 statui,
514 915 578 961 uua
600 893 678 959 mihi
700 900 878 974 causaest,
904 892 991 978 quod
1007 912 1111 976 genus
1127 890 1255 958 dicendi
1269 891 1404 973 aliquau-

283 1005 351 1064 tum
372 998 498 1064 miseris
521 997 585 1064 illis
608 996 809 1082 grammatici
831 995 1017 1063 commentis
1039 1002 1206 1080 praestare
1221 994 1353 1062 uidetur.
1369 1029 1404 1040 —

370 1204 439 1269 Has
461 1202 614 1288 indagavi
635 1203 766 1270 editoris
789 1201 986 1269 iterationes,
1032 1203 1070 1268 In
1099 1201 1214 1284 quibus
1241 1200 1405 1268 statuendis

284 1305 319 1372 id
341 1307 508 1372 consilium
538 1314 668 1373 secutus
699 1325 785 1386 sum,
818 1312 853 1372 ut
880 1304 967 1371 illins
997 1325 1126 1392 operam
1155 1304 1203 1372 eis
1233 1305 1310 1372 solis
1336 1304 1406 1370 locis

285 1428 510 1492 agnoscerem,
537 1409 592 1474 ubi
614 1417 729 1494 poetae
751 1408 905 1492 reliquiae
927 1414 994 1474 tarn
1024 1427 1157 1473 mancae
1180 1409 1232 1473 rel
1256 1414 1343 1474 erant
1363 1407 1406 1470 rel

285 1530 358 1578 esse
381 1510 581 1590 videbantur,
608 1521 644 1577 ut
665 1519 696 1577 et
718 1511 819 1595 ipsius
849 1518 963 1597 poetae
992 1509 1175 1576 memoriam
1206 1517 1239 1576 et
1267 1511 1406 1576 lectorum

285 1613 530 1680 oblectationem
552 1613 652 1680 tuitus
673 1635 780 1699 pauca
808 1613 952 1681 adderet.
999 1613 1111 1697 Neque
1137 1615 1323 1698 negaverim
1351 1613 1407 1678 alia

286 1717 327 1782 ab
350 1735 388 1783 eo
411 1724 443 1783 et
464 1717 581 1782 iterata
604 1724 637 1782 et
658 1717 789 1784 inventa
810 1723 938 1802 praeter
960 1735 1015 1782 eos
1038 1716 1134 1792 locos,
1161 1736 1242 1798 quos
1269 1735 1329 1800 ego
1349 1736 1409 1781 me-

286 1819 418 1902 moravi,
441 1826 569 1885 exstare
591 1839 734 1905 posse,
765 1819 823 1886 scd
844 1840 917 1886 cum
939 1839 1071 1903 operam
1093 1820 1163 1886 eins
1185 1819 1281 1885 certis
1303 1819 1409 1884 finibus

287 1921 467 1988 describere
489 1942 699 2005 nequeamus,
725 1922 904 1990 cavendnm
927 1923 996 2004 erit,
1023 1943 1063 1989 ne
1086 1921 1164 2005 quid
1184 1923 1214 1989 ei
1229 1923 1407 2002 tribuamus,

251 2079 254 2086 ,
286 2023 372 2108 quod
394 2026 436 2091 ab
458 2026 528 2091 eius
546 2026 686 2111 ⁴oonsilio
709 2026 902 2093 emendandi
924 2026 1069 2093 carmina
1091 2025 1218 2092 afuerit.

371 2129 535 2212 Postremo
565 2129 635 2194 loco
663 2127 876 2213 profitendum
909 2136 973 2210 est,
1006 2127 1084 2211 quid
1113 2127 1154 2194 de
1184 2148 1322 2213 persona
1347 2128 1410 2194 edi-

287 2230 364 2296 toris
388 2231 524 2296 sentiam
548 2251 586 2296 ac
608 2231 714 2316 potius
739 2251 803 2297 non
825 2232 972 2297 sentiam.
1012 2232 1242 2316 Hieronymum
1257 2232 1298 2298 de
1314 2233 1410 2298 Marco

287 2333 440 2400 Cicerone
452 2334 627 2398 carminum
640 2333 844 2400 emendatore
858 2335 1018 2418 cogitasse
1030 2343 1149 2402 certum
1162 2335 1298 2400 videtur.
1317 2334 1409 2412 Quem

287 2441 393 2500 tamen
416 2435 610 2501 emendandi
631 2456 761 2522 operam
784 2439 966 2521 suscepisse
981 2438 1070 2504 nullo
1085 2437 1178 2503 modo
1193 2437 1272 2503 mihi
1286 2458 1412 2522 persua·

287 2537 389 2604 detur.
430 2539 544 2621 Neque
568 2539 663 2620 enim,
689 2539 774 2623 quod
797 2547 882 2606 recte
904 2549 1094 2606 monuerunt
1116 2540 1176 2614 uiri
1199 2539 1293 2620 docti,
1320 2540 1410 2605 nllum

286 2640 382 2707 huius
415 2661 533 2725 operae
562 2642 596 2707 in
619 2642 782 2708 Ciceronis
815 2643 904 2709 libris
933 2650 1038 2708 exstat
1067 2643 1250 2726 vestigium.
1297 2641 1410 2708 Deinde

287 2742 341 2808 ubi
363 2743 488 2827 integro
511 2743 618 2810 animo
645 2745 750 2811 locum
778 2745 870 2810 illum
899 2745 932 2810 in
962 2746 1170 2829 epistularum
1201 2746 1244 2812 ad
1267 2745 1409 2825 Quintum

286 2844 416 2911 fratrem
447 2845 527 2912 libro
558 2847 698 2913 secundo
727 2852 787 2929 qll,
816 2849 859 2931 3),
893 2868 975 2930 qnae
998 2849 1138 2932 epistula
1159 2849 1290 2917 ineunte
1311 2866 1409 2934 meuse

234 2953 235 2958 ’
286 2949 459 3015 Februario
488 2970 519 3014 a.
546 2970 578 3015 u.
604 2971 632 3015 c.
665 2955 726 3016 700
757 2951 879 3035 scripta
908 2958 973 3032 est,
1012 2952 1167 3033 (Luculli
1186 2961 1349 3036 pomata,
1381 2959 1409 3014 ot

287 3052 407 3134 scribis,
434 3053 480 3116 c'tn
502 3061 585 3132 nutat,
610 3054 718 3117 multis
741 3054 907 3118 luminibus
929 3055 1057 3137 lupercii,
1076 3057 1193 3120 multae
1209 3065 1312 3121 tumea
1325 3055 1405 3122 arlia.

286 3156 343 3218 aed
361 3177 430 3218 cum
446 3151 508 3242 <ud
520 3155 716 3244 umbilicum)
733 3157 862 3236 neumas,
890 3158 991 3220 aarum
1015 3165 1043 3222 le
1059 3160 1202 3241 putado;
1224 3159 1254 3222 ai
1274 3157 1410 3226 Sallustii

288 3258 498 3340 Empedoclea
521 3259 644 3342 leporis,
669 3258 822 3322 homiuem
837 3282 899 3324 nou
916 3261 1044 3344 putabo]
1073 3261 1202 3344 legeris,
1229 3283 1326 3327 unum
1346 3259 1408 3324 inde

288 3367 406 3425 certum
430 3360 539 3444 colligi
560 3381 684 3428 mecum
712 3362 858 3446 putabis:
899 3363 1040 3428 Marcum
1063 3371 1095 3428 et
1117 3362 1270 3441 Quintum
1293 3364 1332 3430 de
1353 3365 1409 3428 Lu-

287 3463 376 3528 cretii
400 3463 594 3530 carminibus
610 3472 707 3532 antea
722 3484 823 3548 neque
841 3465 1013 3532 collocutos
1029 3485 1101 3532 esse
1117 3487 1221 3549 neque
1237 3467 1408 3553 scripsisse.

287 3565 413 3632 Deinde
434 3574 469 3631 ut
492 3587 532 3632 ex
547 3567 612 3632 illis
628 3587 710 3650 quae
726 3566 851 3632 addidit
866 3568 896 3630 si
909 3568 1058 3634 Sallustii
1070 3571 1281 3652 Empedoclea
1297 3570 1407 3656 leguas,

287 3669 439 3733 bonolium
454 3692 516 3734 coa
525 3671 646 3752 putabo
662 3677 807 3754 apparet,
833 3669 989 3753 quidquid
1002 3679 1077 3737 ante
1093 3691 1132 3736 ca
1147 3672 1253 3738 locum
1269 3673 1410 3738 habuisse

288 3771 407 3856 lingas,
436 3772 547 3838 Cicero
576 3773 677 3839 obiter
705 3772 765 3838 hoc
794 3773 863 3838 loco
886 3772 927 3838 dc
949 3773 1087 3839 Lucretii
1111 3774 1306 3860 carminibus
1327 3774 1406 3838 dixit.

288 3874 387 3958 quue
411 3895 483 3941 eum
507 3875 665 3942 iacturum
689 3875 799 3958 fnisse,
827 3875 854 3942 si
876 3875 947 3959 ipse
969 3877 1111 3942 carmina
1133 3876 1288 3943 edidisset
1313 3883 1364 3942 aut
1384 3875 1410 3937 iu

287 3977 412 4044 edendo
435 3986 581 4044 versatus
605 3985 691 4046 esset
712 4015 755 4025 —
777 3977 811 4043 id
833 3977 961 4061 quidem
978 3986 1118 4045 statuere
1134 3980 1250 4064 possis,
1277 4001 1348 4047 eum
1361 3979 1411 4043 has

286 4082 338 4173 rel
361 4082 434 4146 illas
458 4087 566 4166 partes
589 4080 680 4146 fratri
695 4081 823 4148 misisse
839 4120 891 4164 -‚
918 4081 1023 4166 prima
1044 4081 1085 4148 dc
1101 4081 1148 4147 eis
1164 4083 1313 4166 loquendi
1329 4100 1410 4148 occa-

288 4183 378 4250 sione
401 4182 477 4249 data
492 4189 608 4268 putas?
645 4184 709 4250 Sed
726 4185 821 4250 etiam
838 4185 865 4250 si
888 4185 986 4252 frater
1009 4185 1172 4268 edidisset,
1199 4185 1314 4252 mirum
1336 4189 1410 4250 essct
1493 4177 1494 4236 ἶ
