3010 4896
236 335 256 398 e
671 373 712 382 -
760 323 856 418 [102]
903 373 943 382 -

234 551 269 594 re
292 531 434 613 quamvis
456 527 657 594 vehementer
679 527 790 593 afflicti
813 526 1022 592 Athenienses
1050 527 1208 610 alienique
1230 526 1271 590 ab
1294 525 1380 589 omni

234 656 297 718 spe,
320 656 427 699 muros
450 641 557 700 tamen
584 641 621 699 ut
648 634 733 698 dimi
760 640 954 718 paterentur,
977 633 1116 698 animum
1144 633 1293 698 inducere
1316 653 1380 698 non

233 746 417 823 potueruut;
437 741 629 822 quinetiam
649 723 897 816 Archestratum
916 741 970 824 qui
989 739 1245 804 Lacedaemoniis
1265 739 1379 803 ceden-

234 847 309 909 durn
328 868 395 911 esse
414 848 681 928 pronuntiaverat,
700 847 733 910 in
752 867 909 911 carcerem
927 846 1129 910 couieoenmt
1148 845 1263 930 (§15).
1300 845 1380 909 Tum
1500 869 1501 900 ÷

234 951 443 1016 Theramenes
461 953 613 1036 populum
631 954 738 1029 movit,
757 958 792 1016 ut
809 953 912 1036 ipsum
932 953 1095 1016 mitterent
1113 952 1154 1015 ad
1173 952 1381 1034 Lysandrum,

233 1079 254 1120 a
276 1079 348 1139 quc,
371 1059 447 1141 quid
470 1057 657 1123 molirentur
680 1057 935 1133 Lacedaemonii,
959 1058 1132 1142 comperire
1155 1064 1269 1141 posset.
1316 1055 1378 1120 Sed

233 1183 289 1244 per
312 1167 378 1227 tres
401 1184 522 1227 meuses
546 1169 579 1228 et
602 1163 686 1247 quod
705 1164 829 1229 excedit
846 1163 932 1245 apud
949 1162 1146 1246 Lysandrum
1169 1167 1381 1226 commoratus

234 1273 282 1332 est
304 1267 522 1344 Theramenes,
546 1269 662 1351 quippe
686 1269 736 1334 oui
759 1289 943 1352 persuasum
966 1274 1057 1345 esset,
1084 1268 1166 1332 farne
1190 1269 1289 1350 magis
1312 1289 1380 1332 ma-

234 1375 344 1456 gisque
377 1379 536 1438 crescente
568 1381 709 1439 extrema
737 1395 860 1458 quoque
893 1394 947 1458 spe
980 1375 1092 1438 salutis
1120 1375 1248 1438 orbatos
1277 1375 1380 1438 Athe-

233 1480 358 1544 nienses
382 1481 506 1563 quasvis
526 1481 724 1544 condiciones
747 1480 835 1564 pacis
853 1486 1036 1563 accepturos
1055 1501 1122 1544 esse
1141 1481 1175 1562 (ξ
1197 1481 1260 1566 16).
1296 1481 1380 1544 Tan·

234 1587 304 1650 dem
328 1607 399 1649 cum
422 1587 612 1662 revertisset,
635 1608 655 1650 a
676 1585 839 1669 Lysandro
863 1607 895 1650 so
919 1586 1015 1650 variis
1039 1585 1245 1650 dilationibus
1269 1587 1381 1649 deten-

233 1695 310 1767 tum,
333 1693 467 1775 denique
486 1693 652 1756 certiorem
670 1691 788 1756 factum
808 1713 873 1758 esse
893 1693 984 1768 dixit,
1002 1713 1098 1774 penes
1121 1692 1210 1756 illum
1230 1713 1291 1756 non
1311 1712 1381 1756 esse

233 1796 401 1861 arbitrium
424 1799 510 1881 pacis
529 1797 754 1873 concedendae,
778 1798 834 1862 sed
856 1819 952 1880 penes
971 1797 1114 1880 ephoros.
1152 1799 1220 1876 Qua
1243 1819 1277 1862 re
1295 1819 1381 1860 uuu-

233 1903 316 1967 tiata
345 1903 551 1968 Athenienses
582 1903 810 1968 Theramenem
842 1925 913 1968 oum
944 1925 1055 1968 novem
1086 1905 1199 1986 legatis
1232 1903 1381 1987 Spartam

233 2009 388 2073 miseruut
419 2010 478 2084 ita,
510 2014 547 2072 ut
574 2008 620 2073 eis
647 2009 733 2091 pacis
762 2009 995 2075 concludendas
1022 2015 1211 2092 potestatem
1240 2011 1383 2076 facerent

233 2115 344 2200 (517).
364 2115 508 2191 Quicum
522 2114 669 2198 Spartam
682 2115 849 2190 venisseut,
864 2117 969 2179 contio
984 2116 1024 2180 de
1038 2121 1123 2181 sorte
1139 2115 1383 2180 Atheniensium

233 2220 346 2284 habita
369 2226 425 2297 est,
447 2221 480 2284 111
500 2241 563 2304 qua
581 2219 747 2296 Corinthii,
766 2220 919 2296 Thebani,
942 2221 1033 2285 multi
1056 2221 1112 2284 alii
1132 2220 1245 2285 Graeci
1267 2222 1381 2286 urbem

234 2326 401 2390 delendam
433 2347 500 2390 esse
532 2332 565 2389 et
596 2326 715 2390 incolas
747 2327 806 2390 sub
834 2348 949 2391 corona
977 2327 1157 2391 vendendos
1191 2335 1383 2392 censuerunt

234 2433 269 2517 (ξ
294 2431 361 2516 19),
392 2431 648 2496 Lacedaemoniis
680 2438 787 2496 autem
819 2432 1039 2497 resistentibus
1071 2433 1273 2516 gravissimae
1306 2433 1382 2497 illae

154 2541 156 2546 ’
234 2537 432 2601 condiciones
451 2543 690 2614 salutassent,
714 2539 753 2603 de
771 2539 885 2620 quibus
903 2560 967 2602 non
986 2546 1034 2602 est
1057 2539 1139 2621 quod
1166 2538 1259 2621 plura
1276 2540 1382 2603 dicam
1500 2533 1501 2618 J

234 2642 268 2725 (ξ
292 2642 358 2727 20).
405 2642 492 2719 Quae
516 2643 714 2708 condiciones
738 2665 808 2708 cum
836 2645 990 2726 postridie
1014 2666 1106 2728 quam
1130 2645 1271 2730 Athenas
1293 2645 1383 2709 redi·
1500 2643 1501 2728 1

234 2754 326 2813 erant
348 2748 443 2830 legati
467 2749 692 2831 acciperentur,
719 2751 868 2833 quoniam
886 2755 1017 2833 propter
1039 2755 1211 2814 extremam
1240 2751 1382 2832 inopiam
1500 2799 1501 2812 ,

234 2854 321 2918 nulla
348 2876 436 2918 mora
462 2853 531 2919 fieri
559 2857 730 2940 poterat¹),
757 2854 919 2938 Lysander
946 2856 978 2919 in
1008 2855 1153 2919 Piraeum
1181 2879 1250 2920 crim
1280 2855 1381 2921 classe
1500 2907 1501 2918 ,

233 2961 374 3024 invectus
401 2969 449 3025 111
478 2967 510 3025 11
537 2961 643 3025 exules
670 2961 797 3025 reduxit
824 2967 856 3025 11
883 2983 988 3025 muros
1016 2983 1137 3025 summo
1165 2983 1234 3025 cum
1262 2962 1381 3043 gaudio

234 3067 389 3130 sociorum
417 3067 501 3130 inter
528 3074 655 3132 cantum
682 3066 834 3131 tibiarum
861 3067 959 3131 diruit
988 3070 1021 3149 (ξ
1050 3068 1206 3148 21-23).
1247 3066 1381 3131 Postero

235 3193 318 3235 auno
341 3173 477 3254 populus
501 3173 634 3254 triginta
652 3174 735 3237 viros
754 3172 901 3248 instituit,
925 3193 986 3254 quo
1006 3172 1090 3237 facto
1111 3172 1187 3254 Agis
1207 3173 1381 3236 exercitum

236 3278 384 3353 dimittit,
416 3278 578 3360 Lysander
605 3279 647 3342 ad
675 3277 801 3343 Samum
833 3281 1076 3362 oppugnandam
1108 3277 1254 3343 avehitur
1285 3281 1325 3360 (a
1350 3279 1381 3354 3,

237 3383 346 3466 1-3).

322 3490 389 3554 lam
408 3511 623 3573 comparemus
641 3489 720 3554 haee
738 3511 809 3554 oum
827 3491 882 3565 eis,
900 3511 981 3572 qnae
1000 3490 1146 3573 aLysia
1165 3491 1285 3554 tradita
1303 3497 1382 3554 sunt

234 3597 266 3660 iu
289 3596 432 3660 oratione
457 3603 567 3661 contra
589 3595 763 3678 Agoratum
786 3595 898 3660 habita
921 3595 1023 3681 (Xlll,
1047 3597 1180 3679 5-43).

322 3701 432 3765 Paullo
452 3702 558 3784 igitur,
576 3703 602 3765 11
625 3700 715 3765 illum
733 3703 901 3784 sequimur,
923 3708 994 3783 post
1013 3723 1151 3784 pugnam
1171 3703 1254 3784 apud
1274 3701 1382 3782 Aegos

233 3805 349 3872 flumen
377 3806 493 3871 factam
521 3828 615 3871 nares
643 3806 963 3872 Lacedaemoniorum
991 3815 1101 3872 contra
1133 3807 1244 3871 urbem
1271 3813 1382 3872 vectae

234 3917 308 3977 sunt
331 3913 504 3996 eodemque
531 3913 598 3977 iere
620 3919 763 3996 tempore
787 3935 857 3977 cum
880 3913 1137 3978 Lacedaemoniis
1165 3913 1203 3976 de
1226 3933 1303 3994 pace
1327 3915 1381 3996 agi

233 4025 376 4101 coeptum
404 4024 460 4082 est.
511 4019 688 4101 Optimates
716 4025 822 4083 autem
849 4019 928 4083 illud
961 4025 1085 4102 tempus
1112 4019 1259 4082 idoneum
1286 4025 1382 4101 puta-

325 4255 397 4330 1)111
418 4259 474 4338 γὰρ
498 4259 539 4319 ἔτι
560 4259 693 4336 ἐνεχώρει
711 4262 826 4333 μέλλειν
849 4261 894 4319 διὰ
917 4261 949 4319 τὸ
969 4267 1080 4335 πλῆθος
1102 4270 1159 4319 τῶν
1177 4260 1384 4330 ἀπολλυμένων

234 4357 273 4427 τῷ
292 4355 373 4428 1111·
658 4361 661 4366 ’
