3010 4896
275 339 319 404 34
710 375 753 386 -
798 335 894 420 [ιιι]
941 373 983 386 -

275 535 409 598 dictioni
430 532 559 616 aliquid
580 533 756 616 prauitatis
775 531 974 608 conciliarem
997 529 1173 615 Toupius1)
1192 529 1331 610 denique
1353 548 1416 592 reo·

276 646 355 715 tam,
387 659 451 722 qna
481 637 535 702 hic
565 638 651 704 locus
680 639 787 702 sanari
813 642 933 720 posset,
965 637 1050 702 uiam
1077 635 1237 719 ingressus
1265 655 1334 700 esse
1362 632 1419 698 sibi

260 746 363 842 ⁴uisus
386 750 443 821 est,
468 765 538 810 cum
557 743 674 810 Suidae
697 745 886 827 scripturam
909 763 930 807 a
951 762 1028 807 uero
1047 742 1188 826 proxime
1205 739 1317 806 abesse
1335 746 1420 805 ratus

276 856 343 915 ίιιιπ
366 851 459 916 νεοίη·
480 856 547 916 lom
570 851 722 916 atticismi
742 851 854 933 pratia

480 957 662 1038 ξυναυλίαν
685 951 902 1042 πενθήσομεν
925 947 1088 1038 Ὀλύμπου
1112 949 1219 1038 νόμον

275 1064 490 1147 reponendum
514 1084 582 1130 esse
604 1067 754 1128 moneret.
1271 1111 1273 1120 ,

365 1171 409 1234 at
439 1170 520 1236 male
551 1170 604 1236 hic
629 1176 731 1234 metro
759 1168 951 1234 consuluisse
978 1167 1107 1233 uidetur
1133 1167 1184 1232 uir
1211 1167 1421 1238 doctissimum

276 1277 393 1340 etenim
425 1277 573 1358 quoniam
605 1276 780 1341 docuerunt
806 1275 976 1350 Porsonus,
1010 1273 1046 1338 G.
1074 1271 1287 1350 Hermanuus‚
1319 1271 1420 1336 West-

276 1382 401 1464 phalius
433 1403 595 1447 caesuram
621 1387 694 1466 post
720 1381 899 1446 absolutum
927 1381 1039 1464 pedem
1065 1380 1200 1445 alterum
1228 1380 1276 1444 ita
1297 1384 1421 1444 tantum

275 1488 361 1570 apud
383 1493 492 1571 poetes
515 1488 652 1570 tragicos
676 1487 872 1570 comicosque
895 1485 971 1551 ferri
994 1507 1095 1569 posse,
1118 1493 1154 1550 ut
1177 1485 1270 1550 dmul
1293 1505 1422 1550 mesura

275 1592 562 1677 hephthemimeres
580 1595 613 1658 in
629 1593 739 1658 eodem
752 1614 845 1658 uersu
861 1592 1081 1670 intercederet,
1099 1593 1173 1658 huic
1186 1591 1313 1675 regulae
1328 1591 1420 1656 satis-

278 1699 353 1764 facit
375 1721 486 1765 uersus

448 1807 630 1886 ξυναυλίαν
650 1805 655 1890 l
675 1801 873 1889 κλαύσωμεν
894 1805 898 1891 Ι
921 1797 1103 1890 Οὐλύμπου
1131 1801 1249 1888 νόμον,

276 1910 463 1976 obuersatur
484 1901 614 1988 uersus,¹
627 1911 730 1996 qualis
752 1933 772 1976 a
794 1912 916 1995 Toupio
939 1933 956 1978 e
980 1911 1079 1978 Suida
1100 1911 1268 1978 restitutus
1290 1913 1355 1974 est:

480 2017 661 2098 ξυναυλίαν
682 2013 899 2103 πενθήσομεν
918 2009 1081 2102 Ὀλύμπου
1104 2013 1219 2102 νόμον.

276 2121 380 2198 Quare
403 2128 576 2188 statuemus
599 2123 741 2188 consulto
764 2122 825 2188 hcc
846 2123 916 2189 loco
935 2123 1181 2207 Aristophanem
1202 2122 1335 2187 formam
1359 2115 1421 2185 od

275 2224 408 2311 λύμπου
435 2226 631 2305 adhibuisse,
661 2235 699 2292 ut
726 2229 778 2293 uel
809 2250 886 2294 sono
918 2231 1087 2296 clamorem
1114 2229 1329 2313 gemitumque
1358 2249 1421 2292 ser·
1495 2281 1496 2318 p

276 2355 387 2398 uorum
410 2335 603 2418 depingeret

364 2441 422 2504 His
450 2441 568 2505 similes
595 2447 705 2506 extant
732 2443 854 2525 aliquot
882 2443 955 2518 loci,
984 2441 1098 2524 quihus
1126 2439 1241 2506 Suidas
1268 2461 1348 2506 uoce
1371 2438 1422 2504 uel

276 2548 484 2628 praecedente
511 2546 563 2610 uel
595 2548 780 2629 insequente
808 2548 958 2630 deceptus
986 2546 1207 2631 Aristophanis
1236 2547 1337 2612 uerba
1365 2549 1421 2610 im·

275 2653 426 2716 mutauit:
449 2652 550 2716 ueluti
574 2674 600 2715 v.
620 2653 685 2717 502
705 2645 792 2738 ἥξεις
811 2649 989 2735 στεφάνοις
1011 2648 1236 2732 κατάπαστος,
1258 2652 1314 2717 ubi
1333 2643 1421 2738 ἥξεις

276 2777 334 2839 pro
358 2753 472 2834 ἔλθοις
494 2781 534 2823 ex
556 2781 583 2822 v.
606 2758 671 2822 497
690 2753 814 2842 χῶπως
833 2797 875 2808 —-
894 2749 981 2846 ἥξεις
1003 2755 1106 2824 πάλιν
1131 2760 1164 2824 in
1187 2759 1272 2823 hunc
1294 2779 1420 2824 uersum
1494 2777 1495 2854 μ

276 2864 522 2946 transmigrauit.
578 2863 732 2929 Similiter
760 2867 879 2930 errauit
901 2866 934 2931 in
963 2888 990 2930 v.
1016 2866 1101 2930 1312
1130 2862 1185 2930 ἐπὶ
1210 2856 1251 2929 τὸ
1278 2867 1420 2950 Θησεῖον
1494 2858 1495 2885 ’

275 2967 349 3049 (om.
372 2965 567 3053 πλεούσαις)
590 2963 611 3057 ἢ
634 2969 782 3035 ἐπὶτῶν
806 2974 951 3054 Σεμνῶν
974 2977 1080 3050 θεῶν,
1105 2978 1201 3056 atque
1224 2972 1307 3036 inv.
1336 2971 1419 3034 1355

275 3071 471 3159 αἰσχύνομαι
498 3087 570 3152 ταῖς
595 3075 775 3160 προτέραις
802 3068 976 3162 ἁμαρτίαις
1001 3099 1060 3160 pro
1082 3072 1251 3161 πρότερον
1274 3077 1421 3141 exaramt

273 3180 465 3265 concipiam
497 3183 591 3246 etiam
624 3183 658 3245 in
689 3205 716 3246 v.
744 3183 806 3248 311
842 3174 1124 3269 ύνακεκιύφηκας,
1156 3203 1235 3266 quae
1267 3203 1331 3246 uox
1362 3203 1419 3264 pro

275 3282 551 3373 lxxsxoo'ppxa92)
587 3296 719 3371 propter
751 3281 1028 3373 ἀνατετυρβακώς
1060 3311 1170 3354 uersus
1202 3289 1419 3372 praecedentis

258 3339 355 3454 halac
378 3414 399 3457 a
421 3391 520 3458 Suida
542 3392 669 3476 depicta
691 3401 747 3460 est.

347 3604 500 3670 'Leuiora
530 3613 636 3670 autem
669 3606 749 3670 uitia
775 3611 809 3671 et
839 3607 999 3672 oculorum
1029 3628 1138 3672 errore
1165 3612 1237 3670 orta
1264 3608 1326 3671 etsi
1356 3628 1418 3670 non

273 3717 360 3774 certo
384 3717 489 3794 potest
515 3713 650 3776 discerni
674 3717 779 3775 utrum
803 3713 863 3795 ipsi
887 3711 1006 3778 Suidae
1034 3735 1075 3778 an
1099 3711 1241 3778 codicum
1263 3710 1418 3777 Suidano-

273 3837 344 3879 rum
367 3816 505 3882 librariis
528 3818 650 3882 crimini
674 3819 780 3882 danda
803 3819 880 3894 sint,
903 3819 982 3883 haec
1004 3823 1109 3883 tamen
1133 3839 1214 3901 quae
1236 3823 1418 3901 sequuntur,

273 3922 349 4004 quia
374 3924 475 4006 magis
502 3924 715 4006 compilatoris
737 3945 854 4007 paucos
882 3945 991 3990 uersus
1023 3931 1113 3990 extra
1140 3925 1282 3989 ordinem
1311 3925 1417 3989 decer-

273 4028 378 4109 pentis
414 4051 507 4112 quam
543 4030 666 4094 librarii
698 4035 799 4095 totam
830 4030 970 4095 fabulam
1002 4033 1182 4096 continuam
1218 4031 1417 4114 depingentis

346 4276 364 4334 ¹)
384 4275 516 4330 Emendd.
535 4275 563 4329 in
583 4275 694 4330 Suidam
714 4277 754 4331 lIl
774 4293 817 4345 pg.
838 4277 899 4334 438.

345 4363 366 4428 ¹)
385 4380 454 4418 corr.
474 4363 593 4418 Dindorf
610 4360 831 4432 ἐκκεκώφωκας.
