2998 4896
277 297 297 360 e
712 339 754 346 -
801 297 897 382 [252]
946 336 983 344 -

366 491 611 576 Discrepantias,
630 515 708 578 quas
727 516 765 558 ex
785 493 886 558 titulis
904 493 1163 560 Wilmannsianis
1183 498 1410 579 congeminum

278 601 325 676 iis,
349 621 429 684 quae
452 600 493 665 ab
517 600 588 664 aliis
612 602 688 666 viris
717 601 818 666 doctis
845 623 883 666 ex
906 602 978 666 aliis
1002 602 1260 684 inscriptionibus
1283 609 1315 666 et
1336 609 1411 666 vete

278 707 365 771 ribus
388 707 479 772 libris
502 709 723 792 manuscriptis
734 711 759 793 ¹)
780 709 819 773 de
838 707 1065 792 orthographia
1084 708 1216 772 collatae
1236 716 1317 785 sunt,
1339 731 1411 774 com·

277 815 394 896 paravi.
440 813 477 878 Id
500 835 587 891 vero,
615 815 698 899 quod
722 837 760 880 ex
778 817 972 898 ecquidem
997 837 1091 900 quam
1113 823 1329 899 perscrutatus
1352 838 1412 882 sum

277 920 411 985 materia
433 919 561 1003 proieci,
584 920 846 986 Studemundium
871 922 890 986 l.
913 922 932 986 l.
956 930 1041 987 reete
1059 923 1194 988 suasisse
1213 923 1412 996 demonstran

277 1049 314 1090 ac
346 1027 474 1092 tandem
507 1028 691 1112 aliquando,
722 1035 874 1111 quantum
903 1029 1029 1114 quidem
1057 1030 1096 1093 ad
1126 1028 1289 1094 formalem
1316 1051 1413 1112 gram·

277 1133 410 1198 maticae
442 1141 565 1217 partem
593 1136 721 1211 attinet,
754 1135 812 1198 viri
844 1136 1006 1218 ceteroqui
1037 1136 1155 1218 optime
1183 1137 1223 1200 de
1250 1135 1414 1220 philologia

277 1241 381 1304 meriti
406 1247 527 1306 veteres
550 1243 770 1324 grammaticos
794 1244 893 1307 secuti
916 1244 956 1306 de
979 1243 1116 1336 propriis
1134 1241 1328 1326 singularum
1350 1263 1414 1324 pro

196 1379 203 1394 ·
279 1347 449 1412 vinciamm
473 1348 588 1431 linguis
610 1349 792 1432 vulgaribus
816 1350 921 1415 dicere
940 1349 1099 1414 desinenti
1123 1347 1221 1432 Spero
1241 1350 1323 1412 enirn
1347 1348 1415 1423 iore,

278 1459 314 1517 nt
341 1455 574 1532 adnotationes,
602 1477 680 1538 quas
707 1457 740 1520 in
768 1457 870 1539 prima
897 1456 990 1521 huius
1016 1455 1116 1520 libelli
1145 1461 1235 1539 parte
1263 1455 1415 1519 contextui

278 1561 392 1626 indicis
424 1562 556 1640 subieci,
588 1564 621 1627 in
649 1563 752 1628 titulis
780 1571 954 1628 ceterorum
982 1562 1129 1646 Corporis
1152 1562 1342 1627 voluminum
1366 1583 1416 1626 neo

278 1689 341 1732 non
364 1670 397 1732 in
420 1669 579 1734 veteribus
602 1669 692 1735 libris
715 1671 936 1753 manuscriptis
955 1671 1083 1735 easdem
1100 1676 1196 1753 atque
1214 1670 1247 1732 in
1267 1669 1416 1734 Africuris

278 1775 380 1840 titulis
403 1775 631 1858 discrepantias
660 1777 793 1842 inveniri
820 1777 869 1840 vel
898 1777 1008 1842 eodem
1036 1777 1084 1840 vel
1106 1777 1201 1860 paulo
1223 1780 1342 1842 maiore
1364 1777 1416 1841 mi·

278 1903 392 1947 noreve
416 1902 546 1948 numero
568 1885 791 1967 persuadeant3
814 1884 985 1966 exquibus
1005 1886 1147 1967 sequitur
1165 1885 1203 1948 iis
1222 1884 1364 1960 saeculis,
1381 1883 1415 1947 ad

278 2011 360 2072 quae
383 1990 604 2073 inscriptiones
626 1990 759 2056 Latinae
786 1991 980 2074 pertineant,
1008 2011 1087 2074 quae
1111 1991 1143 2054 in
1167 1989 1289 2073 Corpus
1311 1991 1416 2056 acade-
1478 2035 1479 2042 ,

278 2096 359 2161 miae
395 2097 607 2162 Berolinensis
643 2098 741 2181 recipi
778 2097 891 2173 solent,
928 2098 961 2161 id
995 2105 1043 2163 est
1076 2097 1207 2161 saeculis
1235 2121 1264 2180 p.
1292 2095 1364 2162 Chr.
1391 2119 1416 2159 n.
1478 2087 1479 2106 ³

278 2225 377 2286 usque
400 2205 441 2268 ad
464 2209 587 2270 sextum
614 2205 834 2289 septimumve,
863 2205 1001 2270 nondum
1029 2204 1221 2288 singularum
1245 2202 1417 2287 linguarum

278 2311 509 2375 romanicarum
532 2309 737 2377 fundamenta
760 2313 844 2377 iacta
866 2333 941 2377 esse.

368 2417 451 2495 Quid
474 2419 557 2482 enim
579 2427 690 2484 contra
713 2421 855 2502 ingentes
878 2417 1042 2502 analogiae
1060 2416 1138 2483 fines
1157 2439 1333 2502 perpaucae
1351 2419 1417 2482 illae

277 2526 404 2608 linguae
431 2526 640 2609 proprietates
667 2527 782 2603 valent,
809 2547 886 2610 quas
913 2548 963 2590 me
990 2525 1067 2590 alibi
1095 2524 1214 2590 frustra
1236 2526 1418 2610 quaesivisse
1477 2565 1478 2586 i

279 2632 437 2708 adnotavi,
460 2653 531 2696 cum
553 2634 748 2716 praesertim,
771 2634 798 2698 si
821 2655 902 2716 quae
926 2639 1094 2697 occurrunt
1117 2632 1229 2716 (veluti
1253 2655 1291 2697 eoi
1313 2655 1369 2716 pro
1391 2653 1418 2712 y,

279 2759 295 2803 c
317 2743 391 2804 ante
413 2759 432 2802 r
458 2759 517 2822 pro
544 2743 569 2814 t;
597 2761 623 2805 v.
647 2761 717 2824 pag.
742 2739 798 2817 27,
826 2739 897 2823 52),
926 2761 981 2804 eae
1008 2741 1173 2822 perpaucis
1202 2739 1352 2823 exemplis
1374 2739 1418 2802 in-

279 2844 466 2910 veniantur?
516 2846 609 2910 Illam
641 2868 736 2911 unam
768 2848 873 2912 nescio
905 2867 946 2910 an
981 2846 1106 2910 Africae
1136 2847 1297 2912 vindicare
1330 2847 1419 2910 liceat

278 2955 515 3035 proprietatem,
538 2955 623 3036 quod
647 2955 691 3018 vis
711 2954 894 3019 assibilandi
913 2954 927 3017 i
945 2954 1139 3019 semivocalis
1158 2954 1190 3016 in
1210 2952 1318 3017 Africa
1336 2954 1418 3036 prius

279 3059 363 3124 valet
386 3081 481 3142 qnam
504 3060 581 3124 alibi
605 3059 657 3147 (of.
677 3061 783 3125 adnot.
808 3062 847 3126 ad
872 3064 892 3141 ξ
917 3061 935 3125 8
960 3061 1005 3147 c),
1034 3067 1144 3125 contra
1166 3081 1240 3125 vero
1264 3063 1359 3124 etiam
1380 3059 1418 3122 ad

279 3171 299 3247 ξ
323 3167 343 3230 3
366 3167 399 3251 a)
423 3167 493 3253 3));
516 3189 706 3252 quamquam
734 3175 820 3232 certo
849 3167 888 3232 de
910 3166 971 3232 hac
992 3189 1028 3232 re
1050 3173 1119 3232 tum
1142 3167 1268 3232 demum
1291 3167 1418 3231 indicaui

279 3274 407 3356 poterit,
429 3280 597 3358 postquam
620 3279 723 3339 totum
745 3275 805 3340 hoo
827 3275 970 3340 volumen
999 3275 1236 3358 inscriptionum
1261 3275 1418 3339 Africana·
1476 3265 1477 3330 l

280 3401 351 3445 rum
373 3401 472 3463 usque
495 3382 537 3446 ad
559 3380 654 3447 finem
677 3384 761 3466 typis
785 3382 978 3465 descriptum
1001 3383 1071 3446 erit.

369 3488 573 3553 Grammatioi
595 3494 726 3566 veteres,
747 3489 845 3554 veluti
869 3489 1044 3572 Pompeius,
1067 3488 1216 3565 Isidorus,
1243 3511 1312 3552 cum
1336 3509 1418 3552 ocat-

280 3595 368 3658 sione
391 3594 467 3659 data
488 3595 549 3660 hoc
571 3596 619 3660 val
642 3595 722 3660 illud
744 3596 880 3659 maxime
899 3595 1024 3660 Africae
1043 3596 1204 3678 proprium
1223 3617 1291 3659 esse
1308 3595 1418 3666 dicant,

281 3701 398 3766 iniuria
420 3701 542 3779 dicuut3
572 3702 608 3768 cf.
638 3703 777 3767 adnotat.
802 3702 844 3766 ad
866 3705 886 3783 ξ
910 3703 930 3766 6
954 3701 989 3788 a)
1015 3702 1048 3788 1)
1075 3708 1171 3786 atque
1202 3702 1354 3786 imprimis
1380 3699 1418 3763 ad

280 3813 300 3890 ᾖ
319 3809 338 3872 9
358 3808 394 3894 b)
417 3807 458 3893 1).
491 3807 559 3874 Hoc
581 3809 679 3892 igitur
702 3815 847 3876 constare
868 3809 946 3874 mihi
971 3810 1095 3874 videtur
1113 3813 1238 3874 tantum
1256 3807 1363 3872 abesse
1382 3811 1417 3869 ut

372 4005 390 4066 ¹)
410 4002 513 4072 Quibus
532 4003 643 4072 saepius
664 4020 728 4058 usus
747 4003 806 4068 sim,
826 4003 920 4058 videas
939 4003 968 4058 in
987 4019 1049 4072 pag.
1066 4005 1099 4058 10
1118 4021 1171 4072 sq.;
1191 4003 1307 4072 primum
1323 4003 1417 4070 Corpo-

281 4091 319 4146 ris
347 4093 368 4146 1.
388 4091 418 4145 L.
443 4092 569 4146 volumen
597 4099 626 4146 et
653 4092 866 4162 Inscriptionum
894 4091 1105 4147 christianarum
1134 4091 1322 4146 collectionem
1348 4106 1363 4143 a
1386 4090 1418 4142 de

281 4181 378 4238 Rosaio
397 4180 575 4250 compositam
590 4181 649 4236 lere
664 4181 753 4247 omisi,
773 4197 833 4236 cum
848 4180 921 4248 inda,
941 4197 1012 4250 quae
1027 4182 1063 4238 ad
1077 4181 1198 4251 singulas
1213 4178 1418 4250 orthographiae

282 4278 310 4324 et
328 4270 558 4340 pronuntiationis
577 4277 671 4340 partes
690 4271 840 4339 pertinent,
858 4269 994 4340 imprimis
1013 4272 1129 4326 Corsaen
1148 4278 1177 4325 et
1195 4270 1362 4326 Schuchardt
1379 4267 1417 4322 di-

282 4359 400 4430 ligenter
418 4359 472 4414 iam
493 4359 689 4429 excerpserint.
