3048 4898
283 326 327 392 ao
726 364 769 374 -
816 327 891 409 [74]
938 365 976 373 -

281 543 319 586 ex
355 520 534 606 archetypis
570 520 664 604 plane
695 520 827 586 diversis
859 542 927 588 esse
959 518 1135 586 conflatam.
1145 523 1172 604 ¹)
1227 519 1327 597 Quam
1358 540 1428 584 rem

279 627 414 703 maxime
441 629 574 694 suadere
602 629 748 694 videntur
775 628 944 694 lectionum
972 627 1149 692 vametatea
1205 627 1313 712 Neque
1341 628 1428 692 enim

281 755 388 802 omnes
419 755 439 800 a
470 733 609 800 librariis
646 733 773 800 effectas
806 755 873 801 esse
905 735 971 798 veri
1002 733 1104 800 simile
1136 741 1191 798 est.
1246 732 1359 817 Itaque
1389 754 1429 798 ex

281 841 449 907 lectionum
472 841 679 906 varietatibus
701 841 852 907 iudicium
875 838 979 906 facere
1001 838 1194 916 conabimur,
1216 844 1289 904 utra
1312 840 1429 904 harum

281 948 501 1014 collectionum
523 947 617 1013 alteri
639 951 823 1032 praestet.²)

372 1054 594 1120 Examinemus
630 1055 729 1138 igitur
764 1054 942 1120 accuratius
973 1073 1094 1132 versus,
1130 1054 1185 1137 qui
1217 1075 1288 1118 cum
1319 1052 1430 1136 aliqua

280 1162 424 1226 lectionis
452 1161 665 1244 discrepantia
692 1167 888 1245 repetuntur.
944 1159 1013 1237 Qua
1039 1161 1073 1226 in
1100 1181 1135 1226 re
1162 1160 1300 1225 minutos
1327 1158 1428 1224 libra-

282 1269 401 1334 riorum
429 1287 563 1344 errores,
592 1269 645 1350 qui
674 1269 714 1332 ad
742 1289 808 1332 rem
837 1267 936 1350 ipsam
964 1267 1004 1332 de
1031 1287 1094 1350 qua
1116 1267 1223 1351 agitur
1250 1266 1330 1332 nihil
1358 1266 1427 1330 lere

197 1377 198 1380 ’
280 1376 450 1459 pertinent,
472 1375 770 1459 praetermittamus.
792 1413 832 1420 —

371 1481 476 1564 Atque
500 1481 660 1546 ordiamur
683 1501 703 1545 a
726 1479 866 1546 versibus

325 1589 388 1652 571
414 1584 501 1669 Δόξα
523 1587 585 1672 μὲν
608 1579 823 1672 ἀνθρώποισι
845 1578 954 1652 κακὸν
976 1585 1073 1670 μέγα,
1099 1599 1199 1671 πεῖρα
1223 1578 1253 1652 d'
1276 1579 1427 1672 ἄριστον·

324 1693 390 1758 572
457 1696 579 1760 nollet
611 1687 784 1780 ἀπείρητοι
817 1688 919 1774 δόξαν
948 1685 1060 1776 ἔχονσ’
1088 1684 1250 1778 ἀγαθῶν
1281 1693 1365 1779 (cod
1397 1696 1427 1758 Α

599 1800 683 1868 inira
705 1793 837 1885 ἀγαθοί,
860 1801 928 1866 cod
950 1805 976 1864 O
999 1800 1083 1866 infra
1106 1791 1264 1887 ἀγαθὴν),

280 1907 366 1990 quod
389 1906 546 1972 distichon
570 1909 603 1971 in
625 1907 727 1972 altera
750 1907 869 1992 sylloge
888 1908 1005 1976 iterum
1023 1906 1140 1990 legitur
1158 1913 1230 1990 post
1249 1930 1275 1971 v.
1297 1909 1427 1988 1104,³)

281 2035 342 2099 quo
371 2014 439 2080 loco
462 2013 579 2098 optime
607 2016 752 2098 congruit
778 2035 850 2079 curn
875 2013 1115 2108 insequentibus
1142 2035 1188 2080 vv.
1214 2013 1307 2079 1105.
1329 2016 1426 2080 noo.

280 2119 328 2184 Ex
364 2119 542 2203 antiquiore
578 2121 676 2204 igitur
712 2121 903 2203 melioreque
934 2119 1105 2204 archetypo
1138 2121 1285 2186 videntur
1314 2142 1428 2186 versus

238 2247 242 2256 ’
283 2228 401 2294 1104·b
411 2248 563 2304 manasse,
573 2227 678 2310 inquo
688 2226 1426 2310 coniunctilegebanturversusl1042l-1106,

281 2334 328 2398 De
346 2334 490 2399 lectionis
508 2335 662 2399 varietate
680 2326 837 2418 (ἀγαθῶν
856 2339 888 2399 et
907 2325 1046 2418 ἀγαθοί)
1064 2355 1179 2418 anceps
1198 2341 1246 2400 est
1264 2335 1428 2418 iudicium,

261 2451 350 2504 'cum
384 2447 516 2524 unaque
547 2441 640 2506 lectio
672 2462 782 2506 sanum
808 2440 961 2524 praebeat
988 2460 1125 2518 sensum;
1157 2446 1263 2507 tamen
1290 2440 1425 2506 alteram

281 2537 405 2630 ἀγαθοί
432 2554 526 2612 erunt
554 2548 609 2630 qui
635 2547 831 2630 praeferant,
859 2567 929 2612 oum
957 2549 1145 2630 praesertim
1172 2553 1295 2614 constet
1321 2547 1425 2614 Theo

281 2652 408 2734 guidem
431 2654 595 2720 adamasse
617 2652 876 2720 homoeoteleuta.
885 2655 912 2739 4)
936 2693 973 2701 -

369 2757 463 2824 Certo
491 2760 591 2844 magis
618 2761 755 2844 genuina
782 2759 884 2825 forma
911 2767 1037 2826 servata
1063 2767 1111 2825 est
1138 2760 1179 2824 ab
1209 2761 1338 2826 alterins
1361 2762 1425 2846 syl-

281 2865 372 2949 logae
395 2873 522 2930 auctore
546 2868 579 2930 in
602 2887 648 2931 vv.

324 2973 388 3036 367
417 2965 469 3036 Οὐ
493 2968 660 3057 δύναμαι
683 2979 832 3057 γνῶναι
856 2969 953 3039 νόον
977 2965 1107 3038 ἀστῶν
1131 2963 1173 3040 ὅν
1195 2967 1260 3040 τιν’
1279 2970 1423 3058 ἔχουσιν·
1502 2959 1503 2964 ¹

325 3077 390 3142 368
459 3071 536 3144 οὔτε
559 3070 621 3164 γὰρ
645 3066 682 3143 εὖ
705 3076 814 3164 lodov
837 3072 974 3145 ἆνδάνω
999 3072 1077 3146 οὔτε
1100 3087 1222 3158 κακῶς.

370 3186 400 3248 Α
428 3185 511 3250 infra
538 3191 609 3270 post
631 3207 658 3250 v.
687 3187 770 3250 1182
794 3193 826 3252 et
852 3186 984 3252 Oinfra
1010 3193 1082 3272 post
1104 3209 1132 3250 v.
1158 3189 1242 3252 1186
1270 3186 1425 3272 praebent

278 3284 401 3357 ᾍστῶν
426 3284 455 3356 δ’
478 3284 520 3357 cri
544 3287 685 3376 δύναμαι
707 3300 836 3377 γνῶναι
854 3288 938 3359 νόον
956 3298 1027 3358 κτλ.
1075 3293 1181 3359 Foede
1202 3301 1336 3378 apparet
1359 3295 1424 3359 col-

280 3398 466 3464 locationem
488 3399 655 3464 verborum
678 3391 791 3465 ἀστῶν
815 3392 845 3464 d’
868 3391 910 3466 ori
932 3451 939 3465 .
959 3449 992 3465 ..
1019 3400 1067 3465 illi
1089 3407 1266 3484 praestare3
1293 3421 1367 3464 nam
1392 3406 1424 3465 et

280 3505 436 3587 particula
464 3503 501 3570 δέ
526 3526 633 3604 versus
661 3527 698 3570 ox
727 3508 793 3590 ipso
822 3507 1050 3573 sententiarum
1076 3529 1158 3574 nexu
1185 3513 1326 3591 sumptos
1355 3529 1423 3573 esse

371 3665 390 3730 ¹)
408 3664 545 3734 syllogus,
569 3679 640 3732 quae
665 3663 745 3719 hodie
765 3670 887 3729 exstant,
912 3681 946 3720 ex
966 3665 1090 3736 pleniore
1108 3664 1290 3736 uberioreqne
1309 3667 1423 3721 haustas

281 3767 341 3807 esse
364 3753 515 3822 archetypo
538 3751 638 3807 docent
660 3751 780 3807 disticha
799 3753 966 3810 editionibus
986 3771 1019 3810 ex
1038 3755 1157 3811 stobaeo
1175 3761 1259 3824 atque
1278 3758 1422 3812 Athenaeo

280 3848 387 3906 neema,
408 3841 457 3896 clr.
472 3857 557 3910 supra
571 3858 598 3910 p.
608 3843 642 3897 61
653 3857 693 3909 sq.
731 3843 823 3910 Atque
843 3857 876 3898 ex
892 3842 978 3898 Snida
996 3845 1151 3912 fragmenta
1165 3844 1230 3900 olim
1244 3845 1423 3914 Theognidca

281 3945 375 3984 versus
393 3932 465 3985 2800
483 3929 627 4000 complexa
646 3945 706 3985 esse
724 3930 837 3996 ocimum
857 3931 906 3986 cfr.
925 3932 1101 3988 Rintelenum
1120 3951 1145 4003 p.
1166 3935 1200 3989 18
1219 3941 1247 3988 et
1265 3951 1291 4004 p.
1310 3936 1346 3989 45
1364 3951 1403 4003 sq.

369 4017 390 4084 ¹)
409 4019 536 4074 Codicem
551 4021 574 4072 A
589 4019 618 4072 in
637 4018 727 4074 altera
742 4023 768 4084 (a
787 4019 865 4075 uobis
884 4020 1043 4089 constituta)
1062 4022 1168 4092 sylloga
1186 4023 1296 4092 saepius
1315 4040 1420 4093 germa-

280 4121 342 4160 nam
363 4105 509 4162 lectionem
529 4123 652 4162 servasse
671 4107 807 4178 Bergkius
826 4109 862 4164 ad
881 4109 1001 4180 Theogu.
1021 4127 1045 4164 v.
1065 4111 1117 4164 289
1136 4111 1258 4167 adnotat.

369 4193 389 4262 ²)
409 4193 457 4249 clr.
477 4195 591 4265 Bergkii
609 4197 672 4251 adu.
691 4197 727 4252 ad
745 4197 795 4252 hos
814 4213 918 4254 verens.

368 4283 389 4343 *l
409 4283 468 4352 Qun
487 4284 520 4339 de
540 4301 570 4340 re
589 4285 637 4340 clr.
653 4285 832 4340 Leutschium
850 4287 878 4340 in
893 4287 991 4344 Philol.
1007 4289 1086 4342 XXX
1102 4307 1131 4358 p..
1139 4290 1198 4346 198.
1214 4321 1248 4331 --
1262 4289 1419 4346 Lectionem

281 4372 382 4426 codicis
403 4375 424 4426 0
443 4369 575 4442 ἀγαθὴν)
594 4373 621 4428 in
641 4390 721 4429 versu
741 4376 824 4430 1104b
843 4391 922 4431 uerno
941 4378 998 4432 illis
1016 4379 1163 4446 praeferet.
