3010 4896
237 249 280 314 aa
358 338 359 341 Ν
672 287 714 296 -
762 245 857 330 [134]
905 283 944 292 -

236 467 311 530 perc
334 451 462 529 praeter
484 445 549 509 alia
567 442 772 528 comprobant
795 441 892 506 verba
914 463 995 524 quae
1017 441 1165 526 leguntur
1186 439 1212 518 I,
1231 443 1260 518 3,
1282 446 1295 507 l
1318 449 1380 508 τοῦ

238 545 271 618 δ’
294 549 449 628 ἐπιόντος
473 545 568 626 ἔτους
592 602 599 614 .
621 601 627 614 .
649 602 654 613 .
677 602 682 614 .
708 548 780 614 ἐπεὶ
805 541 838 614 δ’
857 541 876 614 ὁ
898 541 1022 632 χειμών
1046 544 1139 635 ἔληγε
1164 543 1260 632 ἔαρος
1283 541 1380 633 ἄρχο-

236 659 348 744 μένου.
400 657 597 724 Postremum
629 657 728 740 igitur
759 657 875 740 prioris
902 658 978 721 anni
1011 655 1129 722 factum
1157 663 1380 720 commemorat

236 765 413 850 Xenophon
431 764 573 828 Athenas
596 765 731 828 traditae
750 769 783 828 et
801 784 906 828 muros
925 785 944 826 a
962 762 1125 846 Lysandro
1144 763 1277 842 deletos3
1300 764 1381 829 haec

236 877 376 938 extremo
408 871 475 956 ipso
508 891 590 936 anno
628 871 712 936 facta
748 891 816 936 esse
847 869 1047 954 Thucydides
1079 870 1177 936 dooet.
1232 871 1263 936 le
1295 871 1380 936 diem

237 980 363 1064 qnidam
391 977 561 1044 deditionis
588 999 651 1042 nou
679 979 826 1055 tradidit;
859 999 928 1043 cum
956 982 1062 1043 autem
1089 983 1122 1042 et
1148 998 1211 1061 quo
1239 983 1382 1061 tempore

236 1085 353 1150 bellum
373 1085 498 1149 initium
511 1087 631 1168 ceperit
644 1093 676 1150 et
694 1107 752 1170 per
765 1092 918 1169 quantum
936 1085 1088 1168 temporis
1107 1085 1242 1168 spatium
1257 1091 1381 1168 gestum

237 1193 288 1270 sit,
306 1192 492 1268 narraverit,
511 1191 603 1256 facile
621 1193 791 1258 deditionis
809 1199 934 1275 tempus
957 1190 1090 1256 inveniri
1113 1197 1226 1274 potest.
1263 1192 1381 1270 Quam-

237 1319 331 1382 quam
355 1298 394 1363 de
417 1319 455 1362 ea
477 1319 511 1362 re
534 1319 634 1382 nuper
658 1300 836 1384 Droysenus
859 1299 906 1363 ita
928 1299 1034 1376 sensit,
1057 1293 1285 1383 Thucydidem,
1307 1321 1381 1365 cum

237 1408 299 1470 duo
318 1405 443 1470 diversa
460 1404 500 1469 de
518 1404 593 1469 belli
612 1406 703 1471 initio
722 1406 903 1471 testimonia
921 1405 1070 1490 proferat,
1087 1405 1212 1470 omniuo
1232 1407 1381 1472 idoneum

235 1518 350 1578 testem
372 1533 436 1577 non
454 1533 521 1578 esse
539 1511 583 1597 (p.
602 1513 659 1588 263
677 1513 834 1600 43-46).
871 1513 1042 1579 Videamus
1065 1513 1171 1596 igitur,
1194 1513 1301 1596 qualia
1324 1512 1384 1580 illa

238 1621 362 1686 diversa
385 1621 568 1684 testimonia
590 1618 763 1703 intellegat.

324 1726 421 1791 Liber
448 1727 529 1790 alter
552 1726 743 1810 Thucydidis
770 1727 882 1810 incipit
909 1725 949 1792 ab
977 1727 1027 1793 his
1054 1727 1158 1792 verbis
1186 1720 1320 1812 ἄρχεται
1344 1727 1380 1793 δὲ

239 1826 258 1898 ὁ
282 1829 427 1918 πόλεμος
451 1830 590 1899 ἐνθένδε
613 1827 685 1921 ἤδη,
708 1834 762 1899 nbi
787 1832 927 1899 ἐνθένδε
951 1835 991 1898 ad
1015 1836 1280 1919 oppugnationem
1303 1857 1382 1900 noc-

236 1945 363 2005 tumam
394 1940 609 2017 Plataearum,
641 1963 722 2025 quae
753 1943 895 2025 proxime
927 1943 1076 2024 sequitur,
1108 1947 1237 2024 spectat.
1292 1943 1383 2010 Haec

236 2053 341 2112 autem
365 2037 557 2131 oppugnatio
578 2047 666 2113 ‘facta
688 2053 737 2114 est
759 2055 809 2132 τῷ
832 2046 974 2132 πέμπτῳ
997 2049 1055 2113 καὶ
1078 2044 1209 2133 δεκάτῳ
1233 2045 1299 2114 ἔτει
1323 2051 1382 2134 (sc

235 2161 306 2219 τῶν
333 2150 607 2239 τριοκοντούτων
636 2155 810 2240 σπονδῶν)
839 2153 894 2219 ἐπὶ
918 2155 1085 2238 Χρυσίδος
1112 2152 1150 2219 ἐν
1172 2149 1273 2240 Ἄργει
1301 2152 1381 2221 τότε

203 2298 208 2306 -
235 2257 448 2347 πεντήκοντα
468 2261 564 2327 δυοῖν
583 2261 703 2328 δέοντο
723 2257 779 2349 ἔτη
799 2259 978 2348 ἱερωμένης
996 2263 1053 2326 καὶ
1068 2260 1231 2348 Αἰνηοὶου
1250 2259 1383 2350 ἐφόρου

236 2364 273 2431 ἐν
297 2362 438 2451 Σπάρτῃ
466 2369 523 2432 καὶ
545 2365 760 2454 Πυθοδώρου
788 2365 836 2434 ἔτι
863 2369 1024 2454 τέσσαρας
1033 2370 1059 2455 1)
1085 2376 1191 2455 μῆνας
1217 2363 1384 2456 ἄρχοντος

240 2465 428 2559 Ἀθηναίοις
462 2465 544 2558 μετὰ
575 2466 637 2560 τὴν
671 2474 707 2541 ἐν
740 2476 921 2564 Ποτειδαίᾳ
952 2472 1059 2562 μάχην
1092 2477 1171 2562 μηνὶ
1202 2473 1290 2561 ἕκτῳ
1323 2479 1384 2543 καὶ

236 2569 303 2663 ἅμα
324 2568 379 2665 ἦρι
403 2573 584 2665 ἀρχομένῳ.
627 2582 677 2647 Ab
700 2583 755 2647 illa
778 2583 876 2666 igitur
899 2586 1053 2648 nocturna
1075 2582 1238 2648 obsidione
1260 2582 1382 2649 bellum

235 2686 373 2770 incipere
401 2689 500 2753 voluit
523 2688 722 2773 Thucydides
750 2692 782 2754 et
809 2688 881 2753 ideo
909 2689 941 2752 id
969 2695 1093 2772 tempus
1119 2696 1186 2755 tam
1209 2690 1383 2774 diiigenter

236 2791 386 2859 definivit.
435 2795 531 2859 Aliud
560 2795 643 2860 enim
671 2795 847 2880 exemplum
880 2795 1030 2879 temporis
1056 2803 1122 2861 tam
1149 2805 1297 2863 accurate
1324 2799 1382 2864 de·

236 2901 345 2984 scripti
369 2901 490 2966 nullum
513 2909 663 2986 praestat.
710 2903 759 2967 Ad
784 2887 858 2968 enm¹
877 2909 984 2968 autem
1003 2903 1087 2968 diem
1110 2905 1150 2969 de
1173 2927 1234 2990 quo
1257 2906 1383 2990 agimus

234 3008 342 3091 paullo
369 3010 546 3074 accuratius
573 3008 785 3076 definiendum
811 3005 973 3094 pertinent
1003 3009 1060 3076 illa
1087 3031 1166 3095 quae
1190 3017 1316 3077 exstant
1340 3012 1382 3090 II,

235 3115 266 3191 4,
290 3115 310 3178 2
332 3117 389 3180 καὶ
417 3109 478 3201 γὰρ
506 3120 732 3194 τελευτῶντος
759 3124 821 3182 τοῦ
847 3111 951 3204 μηνὸς
973 3109 1015 3181 τὰ
1034 3114 1220 3202 ’γιγνόμενα
1243 3107 1293 3205 ἦν.
1347 3119 1382 3186 Si

235 3223 319 3286 enim
337 3222 397 3287 hoc
416 3245 487 3287 cum
504 3223 573 3288 loco
591 3225 680 3307 prius
698 3225 778 3290 illud
796 3226 1010 3290 testimonium
1024 3246 1250 3309 comparamus,
1267 3247 1381 3291 secun-

236 3328 310 3393 dum
334 3328 417 3413 quod
440 3329 639 3414 Pythodorus
666 3353 723 3415 per
751 3337 900 3415 quattuor
922 3337 1088 3414 sequentes
1110 3353 1233 3398 menses
1259 3333 1381 3399 archon
1453 3415 1459 3432 ,

236 3439 313 3512 oret,
322 3435 544 3502 Thebanorum
558 3439 694 3522 impetus
709 3439 856 3504 extremis
870 3439 981 3504 diebus
994 3441 1110 3504 mensis
1125 3439 1382 3506 Anthesterionis

235 3542 336 3608 sactus
360 3549 415 3608 est.
462 3545 509 3611 Ao
531 3544 708 3611 Boeolrhius
732 3547 766 3632 (l.
790 3568 814 3610 o.
838 3568 867 3630 p.
888 3547 930 3610 74
953 3547 1012 3633 sq.)
1039 3548 1190 3632 impetum
1213 3568 1251 3611 ea
1278 3555 1382 3626 nocte,

325 3775 344 3841 ¹)
363 3775 415 3830 Pro
438 3769 581 3846 τέσσαρας
607 3780 698 3844 μῆνας
725 3777 752 3830 iu
782 3776 922 3832 codicibus
951 3778 1023 3833 male
1051 3774 1100 3832 δύο
1128 3783 1218 3846 μῆνας
1245 3779 1381 3834 traditum

235 3869 288 3930 est;
317 3863 474 3931 Kruegerus
502 3865 606 3934 primus
634 3862 776 3938 τέσσαρας
803 3865 976 3921 scribendum
1006 3866 1076 3922 vidit
1104 3867 1187 3936 idque
1215 3874 1271 3922 tam
1301 3869 1380 3924 lucu-

233 3950 317 4006 lentis
336 3952 504 4020 argumentis
520 3954 715 4023 comprobavit,
735 3960 766 4009 ut
779 3955 832 4010 viri
850 3955 922 4011 docti
942 3955 1002 4010 iere
1017 3971 1110 4012 omnes
1125 3973 1186 4011 eum
1206 3957 1293 4012 secuti
1314 3957 1380 4013 sint.

235 4041 310 4096 Unus
332 4041 489 4112 Droyseuus
513 4043 663 4111 dubitarit,
687 4061 751 4099 uum
775 4042 917 4115 τέσσαρας
940 4044 1115 4100 scribendum
1138 4045 1187 4110 sit,
1211 4062 1380 4115 quamquam

234 4124 282 4184 δύο
307 4137 464 4200 corruptum
488 4148 548 4188 esse
573 4132 706 4188 concedit.
748 4135 815 4189 Oum
839 4139 931 4189 autem
955 4135 1047 4189 nullus
1074 4152 1204 4190 numerus
1227 4135 1319 4205 aptior
1343 4138 1382 4192 sit

234 4235 285 4274 nec
305 4220 462 4291 Droyseuus
481 4220 541 4291 ipsc
560 4222 635 4278 aliud
654 4223 836 4293 pmpo=uerit,
861 4222 923 4292 ipsa
945 4224 1017 4279 ratio
1036 4241 1090 4294 qua
1109 4220 1158 4280 dio
1177 4241 1212 4281 ex
1230 4220 1253 4280 δ’
1274 4225 1380 4283 factum

233 4325 293 4367 esse
312 4308 492 4382 intellegitur,
516 4311 652 4382 Kruegeri
673 4312 891 4368 emendationem
911 4318 1012 4369 tuetur.
