3034 4896
566 343 779 404 ..51-

99 549 145 595 ex
159 528 305 596 eiusdem
320 529 557 614 interpolatoris
573 530 702 597 officina
717 531 845 617 prodiit.
885 531 968 598 Nam
985 537 1016 598 et
1031 530 1074 612 II,
1091 531 1240 594 urs-29

97 639 135 699 et
156 633 195 714 V,
222 637 282 697 ⁴41
306 631 514 718 interpolatos
537 653 609 702 ease
631 633 716 701 infru
738 636 891 720 probabo.

191 735 234 801 Ut
255 753 332 802 uero
353 735 406 802 bio
428 736 549 802 ciarum
573 743 637 816 est,
669 737 746 820 quid
774 737 816 804 ab
842 738 1087 823 interpolatore,
1120 731 1241 818 quida

99 839 224 905 lectore
246 838 434 924 philosopho
456 839 633 925 proiectum
656 841 712 922 sit,
746 840 791 906 ita
822 840 909 906 haud
935 839 1048 927 puuois
1069 838 1150 904 locis
1171 837 1240 902 dis-

100 943 193 1008 cerni
208 942 328 1026 nequit,
344 962 386 1008 ex
401 951 472 1010 utro
487 943 573 1011 sonte
587 945 793 1030 interpolatio
807 943 946 1010 fluxerit.
971 942 1079 1022 Quare
1091 961 1132 1008 ne
1144 958 1240 1024 regu-

100 1046 145 1111 lis
161 1045 329 1131 ponendis,
344 1065 437 1130 quae,
453 1066 524 1112 oum
541 1048 729 1132 plerumque
746 1046 879 1114 definire
894 1067 958 1112 non
969 1047 1140 1132 possimus,
1160 1061 1240 1126 quas

99 1148 244 1215 rationes
266 1148 323 1214 ille
345 1148 444 1215 ieotor
466 1149 675 1234 philosophus
697 1150 731 1214 iu
746 1149 883 1234 singulis
898 1149 966 1216 suis
981 1146 1239 1214 adnotationibus

101 1259 234 1318 secutus
256 1251 307 1334 sit,
333 1269 440 1336 vagao
462 1251 529 1319 iere
551 1259 648 1336 atque
669 1252 811 1319 incertae
835 1252 900 1318 sint
918 1271 1050 1319 necesse
1073 1258 1131 1332 ost,
1157 1257 1240 1316 tem·
1331 1285 1336 1300 ·

102 1373 165 1438 pus
187 1360 339 1434 teramus,
366 1353 409 1419 nd
423 1354 512 1439 ipsos
527 1373 583 1421 eos
598 1355 694 1434 locos,
721 1373 801 1439 quoa
822 1354 947 1440 spurios
969 1355 1115 1432 arbitror,
1141 1351 1239 1418 adea-

102 1475 193 1522 mus:
220 1475 353 1539 quorum
376 1456 404 1522 si
426 1457 498 1539 quis
520 1477 617 1522 unum
641 1458 818 1524 alterumve
840 1457 951 1523 lectori
974 1455 1080 1541 potins
1103 1455 1240 1520 tribuere

102 1559 205 1640 uolet,
232 1558 312 1624 nihil
334 1559 521 1644 prohibebo,
548 1559 576 1624 si
599 1558 692 1627 modo
714 1558 748 1624 id
772 1560 982 1640 concesserit,
1009 1557 1184 1644 permultos
1207 1555 1240 1620 in

101 1661 300 1728 carminibus
316 1662 515 1730 Lucretianis
534 1662 671 1728 inveniri
687 1663 775 1729 locos
790 1662 831 1728 de
845 1662 1003 1728 industria
1018 1659 1237 1745 interpolatos.

192 1763 258 1830 Sed
280 1785 352 1831 oum
373 1764 408 1830 id
428 1763 630 1850 potissimum
659 1763 820 1850 agendum
850 1763 906 1839 sit,
940 1771 975 1830 ut
1002 1761 1241 1848 interpolatoris

102 1887 237 1954 operam
260 1867 384 1934 ratione
403 1867 541 1952 quadam
565 1867 691 1934 ductum
715 1888 788 1935 esso
810 1867 1078 1942 demonstremur,
1104 1865 1146 1930 nd
1168 1883 1240 1929 eum

103 1972 212 2037 locum
232 1971 385 2052 transibo,
412 1971 467 2054 qui
483 1971 524 2052 ei,
551 1971 605 2054 qui
621 1971 715 2038 modo
731 1977 887 2038 tractatus
903 1980 964 2050 est,
982 1968 1162 2035 simillimus
1178 1975 1238 2032 est.

103 2075 142 2138 In
165 2074 226 2140 hoc
248 2073 361 2140 eodem
383 2073 468 2142 euim
490 2074 573 2142 libro
601 2075 649 2159 (ii)
678 2081 751 2160 post
772 2094 900 2141 uersum
924 2075 985 2139 687
1010 2077 1184 2156 sequuntur
1205 2069 1237 2134 in

103 2175 273 2242 codicibus
296 2175 327 2241 hi
350 2195 477 2243 versus:

194 2278 430 2364 quinetiam
446 2280 599 2363 passim
622 2280 838 2344 neutricia
860 2278 1041 2342 versibus
1063 2275 1162 2361 ipris

194 2383 324 2446 multa
345 2383 541 2448 elementa
563 2382 676 2448 niden
697 2381 835 2447 multia
857 2380 1073 2446 communia
1095 2379 1237 2456 uerbis,

105 2489 172 2552 690
194 2508 277 2550 cum
301 2495 426 2552 tumen
448 2487 558 2552 inter
579 2509 616 2551 se
639 2508 775 2551 nereus
796 2508 839 2550 uo
861 2485 980 2550 verbu
1003 2505 1161 2548 necesse
1182 2491 1243 2546 eut

194 2589 428 2674 confiteare
450 2589 517 2654 otiu
539 2613 577 2654 es
599 2589 672 2654 alise
694 2598 838 2653 constare
859 2589 1036 2662 elemerutis,·

194 2713 271 2755 non
294 2715 366 2776 quo
388 2693 513 2757 multo
531 2713 672 2776 purum
696 2692 866 2756 eommunis
888 2691 996 2755 littera
1019 2697 1128 2754 crerrot

195 2803 252 2860 unt
273 2796 362 2858 nullo
383 2795 465 2860 inter
487 2817 520 2859 ae
542 2797 602 2860 duo
625 2795 689 2860 sint
711 2817 748 2860 en
769 2795 911 2859 omnibus
933 2794 1023 2872 idem,

195 2899 265 2961 sed
285 2897 378 2982 quia
399 2919 473 2961 non
503 2899 616 2984 volpe
637 2898 761 2981 paria
789 2896 964 2962 omnibus
986 2895 1113 2959 omitia

676 3008 872 3064 constent.

105 3105 174 3166 695
196 3101 242 3164 sio
264 3100 337 3165 aliis
359 3102 393 3164 in
414 3102 508 3166 rebus
529 3101 604 3166 item
625 3103 800 3166 communia
821 3102 920 3166 multu

195 3203 365 3268 multorum
387 3225 494 3268 rernm
515 3226 584 3268 cum
606 3204 671 3268 rint
685 3204 875 3287 primordio,
904 3225 1008 3267 nerum

195 3307 345 3371 dissimili
365 3315 468 3370 tamen
489 3307 572 3372 inter
594 3329 626 3371 re
648 3307 816 3372 conectere
838 3327 958 3370 aerioma

189 3418 345 3493 possunt;
373 3417 408 3474 ut
430 3409 540 3473 merito
564 3429 602 3473 ee·
624 3409 698 3473 oliab
720 3418 862 3473 constare
873 3410 1010 3493 scrutur

194 3510 364 3575 hunrurmm
384 3533 482 3595 pertua
504 3519 535 3574 et
546 3512 665 3597 smper
687 3512 878 3596 arbustaque
900 3512 993 3588 laceto.

416 3615 685 3698 688-(691)=
715 3615 739 3696 1,
760 3616 939 3695 sna-(o).

415 3719 551 3800 (imi-⁴
660 3716 759 3796 -.-.11,
786 3718 884 3798 (336).
903 3719 932 3780 7.

106 3821 166 3886 Est
188 3819 288 3903 igitur
309 3818 394 3884 idem
409 3826 643 3902 argumentum,
671 3827 705 3885 ut
719 3839 771 3886 res
787 3819 946 3905 permixto
962 3817 1083 3884 semiue
1100 3824 1247 3883 constare

109 3925 276 4008 probetur,
310 3922 363 3988 bio
390 3922 578 3988 adhibitum.
627 3923 784 3990 Aonurate
813 3929 921 3989 autem
944 3919 1154 3988 consideratis
1184 3919 1241 3998 eis,

107 4045 192 4108 quae
215 4031 313 4090 antea
333 4031 471 4090 tractata
493 4030 582 4104 suut,
616 4025 858 4092 similitudinem
889 4025 1064 4090 litterarum
1088 4030 1172 4089 recte
1195 4022 1246 4087 hio

109 4126 249 4210 positam
287 4145 361 4192 esso
393 4146 557 4210 negemus.
616 4127 700 4193 Nam
734 4128 1008 4194 demonstraturus
1046 4133 1115 4193 erat
1151 4132 1246 4211 poeta

112 4229 179 4312 [581
193 4230 292 4312 squ),
320 4249 360 4295 ex
384 4229 512 4294 variis
534 4229 748 4314 peroribus
770 4229 1013 4314 primordiorum
1029 4228 1174 4313 singulas
1194 4247 1245 4293 res

1006 4353 1036 4400 4.
