3048 4898
559 355 601 366 -
648 317 722 404 [er]
770 355 810 366 -
1240 315 1257 377 r

110 511 238 595 copiam
260 531 415 586 umanum,
438 511 493 592 qui
511 529 611 594 paene
628 510 710 578 nihil
726 511 841 578 mutati
859 517 1054 596 repetuntur,
1076 517 1162 579 totus
1180 512 1259 578 mihi

111 616 204 682 loeus
225 617 300 682 inde
322 637 452 682 averso
474 617 641 684 millesimo
665 617 731 684 fere
753 641 792 684 ex
814 619 916 686 altera
933 618 1117 687 collectione
1134 627 1259 686 assutus

111 723 260 790 videtin!
288 721 440 792 Similiter
458 723 498 792 H.
515 725 563 789 W.
583 745 652 790 van
671 726 737 792 der
755 725 882 811 Meyus
900 727 934 792 in
952 727 1062 810 quinto
1076 725 1258 792 Studiorum

113 831 390 914 Theognideorum
407 831 510 916 capite
529 831 690 918 (Lugduni
709 833 901 902 &latorum
916 833 1017 920 1869)
1036 835 1259 917 qimastionem,

113 959 181 1020 quo
202 944 295 1022 pacto
318 937 565 1005 chrestomathia
587 947 709 1018 nostra,
737 963 831 1024 quam
854 941 940 1017 dicit,
963 946 1035 1006 orta
1056 943 1111 1018 sit,
1138 942 1259 1008 solven-

113 1046 192 1112 dem
214 1066 282 1112 esse
305 1047 497 1129 suspicatum
520 1067 594 1112 nam
617 1047 671 1125 ‚is',
694 1049 811 1131 inquit,
834 1049 898 1130 ,qui
920 1048 978 1116 hes
1000 1049 1108 1133 copias
1129 1049 1260 1132 redegit,

114 1203 122 1216 .
141 1201 149 1216 .
172 1204 180 1216 .
198 1175 215 1219 e
234 1151 337 1218 tribus
356 1153 468 1220 saltem
486 1153 743 1222 chrestomathiis
761 1161 911 1238 excerpta
928 1156 1085 1238 congessit
1103 1160 1135 1220 et
1146 1175 1260 1222 novam

113 1260 193 1326 inde
214 1259 493 1328 chrestomathiam
516 1261 731 1328 concinnavit?
778 1262 878 1341 Quam
902 1263 943 1328 ad
967 1261 1168 1328 muniendam
1191 1263 1259 1346 opi-

114 1369 242 1434 nionem
268 1367 354 1434 locos
380 1369 531 1450 quosdam
555 1369 708 1452 repetitos
731 1369 865 1453 exempli
889 1391 985 1436 eausa
1007 1369 1169 1454 proponit,
1195 1369 1261 1443 scd,

114 1481 153 1538 ut
181 1476 249 1558 ipse
275 1475 335 1552 ait,
362 1496 402 1540 ne
428 1477 660 1560 argumentatio
683 1477 769 1542 ultra
790 1478 986 1561 propositum
1009 1477 1118 1554 ducat,
1145 1477 1177 1542 in
1201 1475 1260 1542 hac

113 1601 152 1648 ra
174 1584 354 1667 acquirenti.

182 1687 297 1772 Itaque
320 1689 405 1774 quod
427 1711 447 1755 a
469 1690 545 1756 viris
567 1691 668 1758 doctis
691 1689 825 1756 strictim
848 1695 881 1758 et
903 1690 1065 1758 occasione
1089 1691 1165 1756 dala
1186 1711 1259 1774 pro-

114 1795 256 1880 positum
283 1803 334 1862 est
354 1817 456 1879 neque
478 1796 580 1864 causis
603 1797 680 1864 satis
702 1795 875 1874 umatum,
902 1819 941 1864 ex
963 1796 1176 1882 compluribus
1198 1797 1259 1880 syl-

115 1903 197 1986 logIs
225 1903 418 1988 Theognidis
449 1924 531 1988 quae
562 1903 708 1970 teruntur
739 1902 916 1988 fragmenta
947 1902 1084 1972 mndata
1114 1925 1194 1981 esse,
1226 1903 1259 1968 id

114 2009 224 2093 paullo
255 2010 356 2076 fusius
383 2031 467 2078 nunc
492 2017 588 2094 atque
614 2009 755 2094 apertius
782 2016 955 2076 retractare
982 2017 1076 2094 atquc
1103 2031 1161 2094 pro
1186 2010 1259 2074 viri-

115 2114 177 2181 bus
203 2117 322 2182 nostris
348 2119 391 2184 ad
418 2124 539 2184 certum
565 2117 721 2202 quendam
748 2115 842 2182 finem
870 2117 1040 2202 perducere
1067 2116 1258 2184 conabimur.

665 2532 716 2614 II.

207 2774 313 2857 Atque
340 2775 475 2858 primum
502 2775 629 2860 quidem
651 2775 692 2840 de
718 2773 923 2862 codicibus,¹)
948 2772 1061 2859 quibus
1083 2773 1261 2858 fragmenta

115 2879 323 2965 Theognidea
346 2887 471 2948 servata
488 2889 579 2962 suut,
605 2881 713 2966 paucis
740 2881 960 2946 videturesse
987 2883 1260 2965 praemonendum.

208 2989 349 3068 Quorum
375 2989 513 3056 omnium
539 2989 826 3074 praestantissimus
853 2994 902 3055 est
924 2988 1111 3054 Mutinensis
1134 2990 1165 3054 A
1192 3009 1261 3054 sac·

115 3097 190 3164 culo
213 3097 243 3162 X
270 3105 328 3164 aut
349 3095 396 3163 xl
424 3103 578 3163 exaratus.
624 3094 811 3162 Inscribitur
838 3115 964 3161 carmen
991 3091 1168 3178 θεόγνιδος
1191 3093 1260 3160 ἐλε-

114 3207 221 3290 γείων
239 3200 274 3270 α’
293 3203 496 3287 continetque
514 3225 621 3270 versus
639 3225 659 3269 a
676 3203 778 3287 primo
796 3223 894 3286 usquc
912 3202 994 3268 adv.
1011 3199 1261 3284 truciter—grta

114 3333 178 3388 nae
211 3311 361 3378 editionis
393 3311 493 3396 (Podt.
525 3311 582 3396 lyr.
615 3310 662 3377 ed.
690 3309 763 3394 ΙΙΙ),
797 3309 934 3393 exceptis
967 3308 1088 3375 duobus
1120 3306 1261 3374 versibus

116 3417 360 3506 (11521158),
379 3419 432 3502 qui
451 3417 483 3482 in
503 3417 615 3484 ceteris
629 3437 753 3500 quoque
767 3415 957 3500 Theognidis
976 3413 1136 3481 codicibus
1154 3414 1261 3480 omissi

115 3533 150 3591 et
163 3546 184 3591 a
197 3525 345 3591 Turnebo
357 3526 494 3609 primum
508 3547 547 3590 ex
560 3521 696 3590 Stobaeo
707 3521 776 3608 (qui
785 3521 857 3587 XCI
866 3521 908 3587 26
924 3543 1031 3588 versus
1043 3521 1261 3588 net-1160

115 3632 394 3720 rectcexscripsit)
404 3631 515 3697 inserti
529 3638 611 3696 sunt.
638 3629 764 3695 Abeunt
773 3629 850 3694 item
859 3649 878 3694 a
887 3629 1059 3694 Mutinensi
1073 3637 1106 3694 et
1120 3628 1261 3694 necteris

115 3737 280 3805 codicibus
308 3761 416 3805 vereris
443 3737 673 3814 1221-1230,
705 3757 744 3802 ex
771 3735 884 3821 quibus
906 3757 1013 3802 versus
1044 3734 1260 3801 1221-1228

210 3935 230 3999 ¹)
248 3935 291 3990 De
313 3932 479 3990 securitate
501 3931 633 3988 librorum
656 3931 903 4002 manuscriptorum
927 3929 1054 4002 exposuit
1074 3926 1209 4000 Bergidae
1232 3927 1259 3982 iu

117 4021 350 4078 commentatione
373 4023 407 4078 dc
432 4021 496 4078 crisi
515 4019 706 4090 Theognidee,
731 4036 800 4090 quae
824 4019 927 4090 legitur
949 4019 976 4074 iu
996 4019 1066 4076 Mus.
1086 4019 1172 4074 Rheu.
1191 4018 1259 4073 Nor.

117 4111 160 4166 III
175 4129 202 4181 p.
212 4113 266 4168 206
279 4128 340 4181 sqq.
356 4119 385 4168 et
397 4130 424 4182 p.
434 4113 487 4168 396
501 4128 560 4181 sqq.
587 4111 668 4166 Hunc
682 4109 769 4165 secuti
785 4107 1033 4164 suntNietzschius
1048 4105 1075 4161 iu
1090 4107 1161 4162 Mus.
1172 4108 1260 4162 Rheu.

117 4200 187 4256 Nor.
208 4199 290 4256 XXII
308 4218 335 4271 p.
356 4202 406 4256 162
425 4217 493 4270 sqq,
513 4199 560 4270 qui
578 4217 605 4270 p.
625 4201 677 4255 162
696 4204 812 4254 samma
830 4199 967 4267 quoddam
985 4195 1135 4267 proposuit,
1155 4212 1189 4252 ex
1208 4212 1261 4265 quo

118 4289 245 4344 codicum
260 4289 384 4346 familiae
403 4297 432 4344 et
445 4305 550 4360 genera
562 4288 646 4344 facile
665 4293 903 4358 cognoscerentur,
923 4293 951 4342 et
965 4285 1108 4356 Zieglerus
1127 4285 1154 4339 in
1174 4283 1260 4354 praef.
1284 4276 1290 4284 ’

119 4377 251 4433 didonis
270 4378 413 4448 Tubiugae
431 4394 457 4435 a.
472 4379 541 4434 1668
555 4383 672 4434 cerame
691 4395 717 4448 p.
732 4377 757 4433 V
771 4393 844 4446 sqq,
864 4376 913 4431 cfr.
928 4375 1031 4431 ibidem
1049 4393 1076 4444 p.
1094 4375 1143 4429 VII
1158 4373 1221 4428 adn.
1235 4373 1260 4426 4.
