2998 4896
513 399 557 409 -
604 357 694 448 [ree]
743 400 772 446 .-
1181 361 1225 426 45

93 554 226 638 μοομένμ
245 561 345 638 φωνῇ
364 561 396 620 et
415 553 580 620 confirmet
599 555 734 638 deniquo
754 553 868 619 Suidus
887 554 970 637 opud
990 577 1083 637 quem
1102 557 1226 638 longior

93 661 138 725 ille
163 661 360 746 grammatici
384 661 548 726 adnotatio
572 683 634 726 non
659 667 760 737 extet,
788 661 842 726 sed
866 661 933 725 sole
956 661 1055 726 nerbn
1077 669 1118 744 τῇ
1140 668 1224 726 θαυ-

92 775 185 850 μαστῇ
208 775 308 850 φωνῇ
330 769 388 832 καὶ
411 766 673 852 δεδοκιμασμένῃ
697 771 724 833 ss
738 769 779 852 gl.
803 761 927 851 Ἄρσενι
950 767 1105 851 leguntur.
1147 768 1224 832 Pro-

93 873 266 940 bebiliorem
299 875 397 958 igitur
424 875 635 939 coniecturam
667 875 802 957 protulit
829 873 1041 954 Meinekius¹)
1075 874 1224 958 δοκίμων

93 979 126 1043 ud
147 970 260 1064 ὕμνων
283 979 491 1046 referendum.

169 1109 194 1151 v.
217 1087 279 1151 139
304 1107 361 1170 pro
386 1079 427 1152 οὗ
451 1082 623 1171 ξύμφορον
647 1088 678 1150 in
698 1085 816 1152 Suidue
840 1087 1001 1152 codicibus
1022 1087 1103 1151 ABE
1122 1080 1223 1170 ἀξύμ-

93 1213 189 1276 φορον
211 1194 342 1276 legitur,
370 1195 402 1256 in
426 1193 588 1258 codicibus
605 1192 660 1258 VC
688 1188 871 1276 ξύμφορον,
898 1193 982 1276 quod
1005 1214 1062 1276 per
1085 1215 1224 1258 errorem

93 1321 141 1381 pro
173 1290 369 1385 ἀξύμφορον
406 1301 557 1382 scriptum
595 1305 656 1376 est3
695 1305 779 1364 reete
816 1307 922 1364 autem
955 1299 1087 1364 Bothius
1125 1291 1223 1383 α’ξύμ-

93 1407 224 1490 φορον)
261 1405 424 1470 uidebitur
464 1406 631 1489 recepisse,
675 1407 702 1470 si
738 1407 970 1488 comparaueris
1008 1405 1089 1470 Nub.
1131 1406 1224 1482 1371,

93 1511 139 1576 nbi
159 1514 292 1578 enodem
315 1512 503 1598 Aeschylum
527 1512 641 1576 irridet
650 1513 677 1597 ³)
701 1511 930 1596 Aristophanes
952 1519 1048 1594 atque
1071 1513 1131 1578 hoc
1154 1513 1223 1577 loco

93 1625 120 1682 et
139 1624 264 1701 propter
286 1620 439 1702 grandem
462 1625 495 1684 et
517 1639 664 1684 sonorem
685 1620 859 1683 orationem
877 1613 995 1702 ψόφου
1013 1617 1128 1683 πλέων
1147 1611 1222 1699 ἀξύ-

94 1741 203 1788 στατον
230 1724 378 1808 appellet
429 1725 559 1790 lneeute
586 1745 662 1790 uero
689 1723 896 1808 Fritzschins,
923 1730 959 1787 ut
986 1745 1095 1789 uocem
1123 1716 1223 1809 ἀξύμ-

94 1851 189 1912 φορον
216 1831 363 1907 miseret,
390 1829 555 1914 Sophoclis
583 1831 618 1897 Ο.
638 1831 671 1894 Τ.
695 1829 760 1894 439
789 1829 895 1906 effert,
927 1829 983 1893 ubi
1011 1837 1096 1894 recte
1123 1832 1223 1896 codex

94 1933 309 2000 laurentianus
341 1939 479 2020 optimae
511 1943 604 2002 notae
636 1929 699 2001 κού
728 1943 816 2022 σαφῆ
844 1937 997 2019 suggerit,
1029 1957 1099 2000 oum
1126 1937 1222 2020 uulgo

93 2039 201 2124 legetur
218 2034 363 2128 κάσαφῆ.
402 2041 462 2108 llic
485 2044 568 2108 enim
590 2043 676 2108 looue
698 2044 738 2106 ad
762 2047 904 2107 nostrum
927 2042 1055 2106 minimo
1073 2042 1222 2126 quadram

94 2166 155 2218 1111111
171 2170 241 2212 cum
264 2148 308 2213 ibi
332 2149 495 2214 sollemnis
512 2151 555 2214 sit
575 2150 660 2232 epud
683 2150 820 2232 tragicos
839 2149 974 2212 duorum
992 2148 1222 2213 adiectiuorum

94 2251 165 2318 idem
185 2253 429 2336 significantium
453 2255 621 2339 copulatio,
643 2255 703 2319 hoc
726 2254 795 2319 loeo
818 2254 881 2319 tale
905 2255 1073 2337 quiequam
1095 2255 1221 2318 omnino

94 2378 145 2421 non
165 2361 329 2445 reperitur.

170 2467 257 2544 Quod
285 2468 327 2532 ad
355 2489 381 2530 v.
404 2468 467 2532 162
489 2467 524 2532 in
546 2467 664 2533 scholio
687 2467 735 2532 R³⁸
754 2467 939 2532 adnotatum
963 2473 1011 2530 est
1033 2468 1222 2548 scripturam

98 2563 207 2654 Ἀχαιός
228 2565 271 2638 τὰ
293 2569 500 2658 παλαιότερα
520 2566 708 2658 ἀντίγραφα
731 2573 876 2637 habuisse
896 2581 927 2636 ot
950 2572 991 2636 ab
1010 2574 1223 2656 Aristophane

94 2676 231 2760 Byzantio
257 2680 291 2744 in
319 2671 351 2742 κ’
371 2671 517 2757 Ἀλκαῖος
544 2685 698 2745 mutatam
726 2701 808 2755 esee,
836 2680 869 2745 id
897 2677 1010 2742 Suides
1038 2700 1100 2744 non
1123 2680 1221 2746 nouit.

94 2781 169 2848 Inter
193 2787 388 2851 coniecturas
415 2793 522 2852 cutem
551 2787 592 2850 ad
619 2785 899 2850 sanandumhmrc
922 2785 1024 2849 locum
1046 2786 1185 2869 prolutus
1195 2789 1221 2866 ⁴)

94 2887 264 2976 lleinelrii⁶)
282 2891 492 2976 praeferenda
512 2893 648 2967 uidetur,
671 2892 725 2975 qui
744 2913 879 2974 καχαιος
898 2890 989 2956 facile
1008 2912 1046 2955 ex
1065 2895 1223 2968 καιλαοος

94 2995 109 3056 i.
122 3017 144 3058 e.
160 2999 213 3062 καὶ
227 3001 339 3075 Λᾶσος
357 2999 444 3083 gigni
463 3000 603 3082 potuisse
621 2999 799 3080 suspicetur
817 2997 931 3062 collato
947 2997 1037 3081 Voep.
1055 2997 1149 3073 1410,
1166 2997 1220 3062 ubi

94 3099 194 3168 haeum
220 3111 443 3170 commemoret
471 3108 503 3168 et
526 3127 597 3169 oum
620 3103 780 3168 Simonide
803 3103 963 3186 componit
986 3103 1221 3186 Aristophanes.

170 3209 203 3272 ln
225 3209 336 3275 eodem
359 3231 454 3274 uersu
478 3205 635 3292 ἐχύμισαν
657 3231 715 3292 pro
739 3203 904 3294 ἐχύμηοαν
927 3208 1001 3273 indo
1019 3209 1060 3272 eb
1083 3210 1221 3274 editione

96 3311 206 3379 Aemilii
232 3315 321 3382 Porti
350 3337 388 3379 ox
417 3315 515 3380 Suide
542 3315 749 3400 Aristophani
777 3315 961 3378 restitutum
988 3322 1049 3390 ost;
1077 3316 1221 3399 idemque

94 3423 213 3486 correxit
239 3422 279 3488 M.
305 3421 497 3486 Schmidtins
513 3423 611 3504 'apud
633 3421 837 3505 Hesychium:
866 3416 1035 3503 ἐχύμισαν·
1062 3415 1219 3506 ἤρτυσαν.

94 3579 288 3594 ’ἣν-ιι.-

156 3684 172 3748 ¹)
188 3685 285 3741 Vindd.
306 3685 447 3755 Aristoph.
467 3703 511 3755 pg.
533 3687 591 3740 147.

154 3771 172 3836 ¹)
188 3769 352 3844 ἀξύμφορος
366 3773 683 3844 legitanurip.'1'roud.
694 3774 754 3838 491,
770 3773 891 3845 Thucyd.
907 3777 920 3829 Ι
934 3777 977 3840 32,
997 3775 1024 3830 ΙΙ
1038 3777 1081 3841 91,
1101 3776 1219 3842 vineo,

94 3856 150 3912 dibi
167 3863 249 3930 ομπος
269 3863 489 3932 Xenophontem,
509 3863 659 3926 Platonem,
679 3863 845 3918 Aeschinem
865 3863 994 3918 similitor
1008 3863 1142 3919 formatae
1157 3871 1220 3920 eunt

94 3938 238 4014 αόίντονος,
254 3945 425 4021 despector,
441 3946 633 4018 ᾰσῦμπλοκος,
649 3946 813 4016 α’σῦοτολος,
830 3947 1039 4022 αόυνείσφορος
1053 3952 1109 4006 ulia
1124 3954 1218 4008 multa.

155 4037 261 4094 'illem
291 4041 342 4094 hoc
372 4039 431 4093 loeo
460 4045 554 4094 contre
583 4041 770 4095 Hermennum
794 4039 902 4110 (Opnsc.
922 4042 946 4096 V
968 4043 1014 4100 14.
1041 4041 1082 4105 15)
1107 4048 1135 4094 ct
1158 4057 1219 4094 cum

95 4119 231 4180 Fritzsehio
258 4127 408 4196 longiorem
438 4144 497 4182 esse
522 4129 653 4200 Aeschyli
681 4127 823 4199 perediam
851 4130 1005 4183 existimem
1030 4135 1058 4182 et
1085 4145 1135 4198 per
1158 4136 1219 4182 octo

96 4224 176 4266 oenus
194 4216 311 4270 extendi.

154 4299 173 4366 ⁴)
189 4297 228 4370 χὼ
249 4305 333 4367 Κεῖος
352 4305 529 4370 Fritzschiue‚
548 4299 665 4374 ἀρχαῖος
684 4305 857 4359 Hermennns
876 4305 1010 4374 probante
1029 4303 1146 4372 Engcro.

156 4387 286 4454 Avindd.
307 4392 448 4461 Aristoph.
468 4411 511 4462 pg.
533 4393 592 4447 149.
