2998 4896
501 400 542 410 -
590 362 686 446 [σου]
734 401 774 410 -
1172 363 1212 426 ol

165 549 211 634 ὡς
233 546 360 620 ἅπαντ’
384 554 474 621 ἐστὶν
496 555 583 622 πλέα
604 552 727 642 τόλμης
751 552 829 642 ἔργα
852 549 1117 642 κάναισχυντίας,

83 662 173 728 inuito
202 669 320 740 metro,
356 664 505 748 quoniam
537 665 694 746 spondeus
726 665 760 727 in
791 665 872 747 pede
904 665 1000 729 tertio
1036 665 1215 729 tetrametri

84 769 223 834 trochaici
247 769 423 836 catalectici
452 751 566 857 (πλέα)
589 769 666 836 ferri
690 793 753 836 non
774 777 895 854 potest;
919 770 1090 836 Personas:

310 867 356 952 ὡς
378 875 464 941 πλέα
487 868 555 941 ’σθ’
578 868 712 950 ἅπαντα
735 874 859 964 τόλμης
882 872 906 940 ἔ.
930 900 960 942 ιι.

84 981 262 1069 Reisigius1)
286 983 422 1066 denique
440 985 540 1050 eiecta
560 1005 636 1049 uoco
655 979 733 1068 ἔργα
751 984 897 1066 (propter
915 985 1083 1066 insequens
1103 979 1214 1067 ἔργον)

85 1089 155 1152 inv.
178 1089 242 1153 703
265 1089 323 1154 hos
346 1089 544 1156 dochmiaooe
566 1111 713 1156 numeros
736 1091 905 1156 adsecutus
928 1097 990 1156 est:

161 1188 206 1272 ὡς
228 1189 282 1281 ἄρ’
304 1187 439 1262 ἅπαντα
460 1189 490 1280 γ’
514 1195 585 1265 ἐστὶ
606 1193 730 1282 τόλμης
751 1195 838 1260 πλέα
860 1187 1125 1280 κάναισχυντίας.

85 1299 121 1364 lt
144 1303 168 1365 si
195 1303 445 1368 consideraueris
467 1324 487 1367 a
510 1303 681 1370 scholiasta
703 1303 751 1367 Ro
769 1304 811 1368 ad
833 1301 863 1368 b.
889 1304 907 1366 l.
930 1305 1092 1387 παροιμία
1119 1303 1216 1368 aduo-

86 1411 175 1472 tatnm
201 1431 282 1486 esse,
309 1410 497 1475 adsentieris
520 1409 685 1475 Diodorfio
708 1409 734 1474 F
735 1409 884 1474 ritzschio
907 1409 1045 1492 Erigere,
1072 1411 1126 1491 qui
1150 1430 1216 1474 scr·

86 1533 164 1580 uerso
193 1516 254 1580 hoc
285 1516 355 1581 loeo
382 1516 514 1582 Suidam
546 1516 624 1582 illud
655 1515 860 1600 prouerbium
889 1515 1100 1592 arbitrantur,
1132 1515 1217 1598 quod

86 1627 113 1683 et
135 1623 233 1706 ipsum
265 1623 300 1688 in
327 1645 365 1690 eo
392 1623 510 1689 scholio
534 1644 611 1688 uoce
633 1623 795 1707 παροιμία
824 1623 997 1688 indicatum
1025 1623 1068 1686 sit
1094 1629 1127 1685 et
1154 1641 1217 1704 quo

87 1727 191 1793 scholia
212 1731 322 1814 augeri
350 1731 485 1813 possint,
513 1751 571 1794 nec
598 1729 743 1794 laudabis
768 1729 1044 1813 Bernhardyum2)
1068 1729 1122 1810 qui
1151 1725 1216 1792 col-

87 1833 359 1917 mQaffl

298 1950 359 2007 τοῦ
383 1950 446 2008 σοῦ
469 1937 620 2027 θράσους
642 1949 734 2006 πᾶσα
756 1941 819 2024 μὲν
840 1949 882 2029 γῆ
905 1940 991 2008 πλέα

88 2067 120 2108 ex
137 2045 232 2114 Suida
254 2051 365 2132 reponi
388 2051 493 2114 iussit:

175 2147 221 2231 ὡς
243 2145 366 2220 ἅπαντ’
389 2148 441 2240 ἄρ’
465 2153 534 2221 ἐστι
557 2155 680 2241 τόλμης
702 2135 788 2220 πλέα
811 2177 848 2220 τε
871 2146 1135 2237 κάναισχυντίας.

89 2257 173 2324 lnrno
198 2265 304 2328 nescio
331 2282 373 2325 an
391 2262 600 2348 prouerbium
622 2262 700 2327 illud
724 2263 902 2326 trimetrum
925 2261 1095 2325 iambicum
1112 2264 1218 2324 acata-

89 2363 188 2432 lcctum
206 2367 346 2434 effecerit
364 2367 627 2452 scribendumque
646 2369 688 2433 sit
706 2369 790 2452 apud
809 2367 953 2432 Suidam:
978 2357 1122 2432 ’λίποντο
1139 2359 1218 2430 τόλ-

89 2492 139 2554 μης
159 2455 241 2540 πλέα
265 2473 328 2562 [τε]
353 2466 621 2557 κάνοισχυντίας·
653 2472 802 2538 ἐπὶτῶν
826 2471 955 2557 ίταμῶν
977 2474 1032 2537 καὶ
1058 2464 1216 2558 άναιὸολν.

91 2574 270 2668 [υνυσυαλ
296 2621 337 2630 -
838 2581 840 2587 ’

165 2685 217 2750 Va.
242 2686 419 2752 ree-775
442 2688 487 2753 sic
509 2707 529 2750 a
552 2686 687 2770 Suida³)
712 2686 915 2751 exhibentur:

447 2787 522 2859 οἶδα
546 2785 580 2856 δ’
603 2784 668 2876 ἐγώ
692 2793 748 2856 καὶ
772 2783 812 2878 δὴ
835 2788 1041 2876 πρότερονί)

207 2897 243 2963 ἐκ
266 2907 330 2965 τοῦ
352 2895 586 2986 Παλαμήδους·
611 2891 658 2976 ὡς
681 2893 809 2975 ίκέινος
832 2890 891 2975 τὰς
914 2894 1042 2974 πλάτας

207 3003 296 3092 ῥίψαι
319 3001 461 3092 γράφων
486 3007 810 3089 [rc-cnr]

93 3105 149 3188 (hic
167 3110 317 3177 scholium
341 3111 561 3178 intercalatum
584 3118 646 3196 est)

207 3215 320 3284 πόθεν
344 3206 406 3283 οὖν
428 3210 458 3302 γ’
482 3213 612 3284 ἔκειντό
635 3240 691 3302 μοι
714 3213 840 3282 πλάται
865 3217 1037 3300 [rw]

208 3326 306 3408 [r]
331 3327 407 3390 ταδί
429 3316 623 3409 τάγάλματα
646 3316 723 3388 άντὶ
747 3327 810 3406 [—]
835 3328 975 3388 πλατῶν

207 3426 348 3513 γράφων
372 3432 607 3516 διαρρίπτοιμι.
654 3429 797 3495 Βέλτιον
820 3425 917 3493 πολύ,

93 3579 96 3584 ·
192 3533 318 3606 -Ξύλον
341 3536 379 3622 γέ
400 3539 491 3623 τοιῧ)
514 3537 699 3600 καὶταῦτα
722 3548 859 3600 κακεῖνο
884 3521 962 3620 ἦνθ)
987 3529 1098 3613 ξύλον,

99 3649 288 3663 ’Ἤ

155 3694 171 3756 ¹)
188 3694 319 3749 Coniectt.
339 3711 385 3763 pg.
404 3695 465 3748 274.

154 3779 215 3838 'tin
233 3784 325 3838 adnot.
345 3784 380 3838 ad
401 3785 473 3838 hunc
493 3783 595 3839 Suidae
613 3783 710 3837 locum.

154 3867 219 3936 'tln
237 3871 339 3927 Suidae
358 3871 454 3926 codice
473 3874 498 3926 A
521 3873 591 3928 haec
615 3871 706 3940 glossa
729 3871 792 3926 ideo
813 3869 988 3924 intercidisse
1007 3869 1130 3932 uidetur,
1155 3867 1221 3936 quis

96 3950 207 4012 librarius
224 3976 257 4014 ex
277 3961 366 4014 tribus
385 3960 515 4028 glossica
534 3962 665 4014 lemmate
687 3955 858 4026 Παλαμήδης
877 3956 1076 4026 incipientibus
1094 3956 1219 4010 ultimam

97 4043 180 4099 omisit.

155 4134 173 4199 ⁴)
190 4131 310 4205 πότερον
329 4152 364 4191 ex
383 4135 477 4191 codice
497 4136 646 4192 Oxonicnsi
666 4136 861 4205 Bernhardyue
881 4134 995 4203 profert.

155 4221 221 4293 'lys'
240 4243 265 4278 τι
284 4224 391 4280 ABVE.

98 4393 108 4444 f
155 4309 322 4376 ’λκαιιάνειν
335 4313 368 4378 Ε,
387 4313 460 4368 unde
478 4313 611 4382 sequitur,
630 4321 660 4367 ut
679 4312 763 4368 etiam
782 4311 898 4367 sSuida
917 4306 1026 4365 κάκεῖν’
1041 4301 1073 4379 ἦν
1088 4306 1219 4374 scripturn

107 4397 175 4450 aaut.

1025 4489 1062 4542 4*
