3006 4892
253 343 294 403 11
688 373 731 382 -
779 337 862 418 [111]
910 371 953 381 -

254 527 291 591 ἐν
310 533 355 590 τῶ
374 525 477 607 inponi
497 546 529 610 p.
551 527 658 604 111611,
686 521 723 588 ἐν
737 529 783 586 τῶ
797 525 889 604 prium
913 521 989 588 ibid.
1009 549 1032 603 o,
1059 529 1092 587 ct
1112 543 1144 606 p.
1167 522 1260 586 111691
1285 540 1312 584 c.
1332 523 1382 602 38,

253 629 306 695 ubi
329 628 368 694 de
390 634 521 694 austera
546 625 712 690 harmonia
733 625 909 709 Dionysius
931 625 1030 691 verba
1061 625 1137 690 lucit
1164 623 1302 709 plurima
1331 623 1386 690 ille

253 731 380 815 quidem
408 737 555 816 repetens
578 749 618 794 ex
641 729 721 795 libro
743 727 785 794 de
807 747 835 793 o.
862 749 892 792 v.
919 749 950 812 p.
973 733 1090 792 ithess
1113 749 1141 793 o.
1162 730 1213 808 22,
1246 726 1279 792 in
1303 747 1388 792 mar-

253 837 329 919 gine
351 841 458 900 exstat
488 827 505 897 ὁ
531 827 633 918 ἁδρός
661 852 706 898 sc.
733 831 915 918 χαρακτήρ.
963 831 1052 898 Η111
1081 831 1158 915 quin
1188 851 1206 896 1
1233 831 1389 915 Dionysio

251 945 381 1022 sumpta
402 957 464 1002 non
488 937 567 1008 sint,
601 934 738 1000 dubitaui
767 933 893 1016 nequit,
927 955 1002 999 nam
1033 940 1214 1000 constanter
1235 934 1290 998 ille
1313 934 1390 1000 sub-

253 1041 327 1105 lime
353 1038 481 1106 dicendi
514 1058 615 1121 genus
641 1038 786 1122 appellat
814 1030 949 1122 ὑψηλὸν
977 1044 1187 1123 χαρακτῆρα,
1222 1057 1387 1119 nunqnam

253 1136 367 1227 ἁδρόν.
408 1141 493 1219 Quid
509 1141 593 1224 quod
615 1141 649 1205 in
665 1141 811 1206 omnibus
826 1140 975 1224 Dionysii
998 1139 1124 1225 scriptis
1146 1138 1310 1206 rhetoricis
1327 1160 1390 1204 vox

253 1238 356 1328 ἁδρός
378 1245 478 1310 semel
500 1251 624 1308 tantum
647 1243 688 1308 de
710 1263 738 1308 c.
761 1263 792 1306 v.
819 1265 849 1327 p.
870 1245 925 1307 291
948 1244 1106 1309 occurrit?
1142 1241 1192 1307 De
1214 1242 1307 1307 cuius
1329 1242 1390 1307 loci

252 1347 436 1430 integritate
458 1345 544 1411 inira
561 1345 752 1412 videbimus.
794 1344 878 1423 Quid
900 1346 1020 1428 igitur?
1056 1345 1150 1411 Forte
1173 1344 1301 1410 fortuna
1320 1344 1392 1409 fac»

253 1457 320 1514 tum
343 1457 402 1530 est,
429 1449 517 1516 utin
540 1448 698 1534 epitomae
721 1448 801 1513 libro
818 1446 1073 1514 Darmstadiensi
1097 1467 1128 1532 p.
1146 1445 1227 1512 XXI
1243 1449 1284 1511 28
1300 1447 1388 1512 Han.

254 1553 313 1616 hoc
335 1551 478 1616 scholion
501 1550 586 1615 diem
609 1551 722 1617 ferret:
751 1544 768 1614 ὁ
785 1549 822 1614 δὲ
838 1547 1059 1634 Πλούταρχος
1082 1546 1119 1612 τὸ
1136 1549 1208 1632 μὲν,
1235 1555 1295 1636 τῆς
1310 1571 1393 1614 συν-

253 1659 384 1730 θέσεως
400 1648 521 1738 ἁδρὸν·
546 1650 648 1735 τὸδὲ,
676 1650 809 1734 ἰσχνὸνΙ
836 1650 873 1718 τὸ
890 1653 937 1733 di,
960 1657 1066 1736 μέσον
1079 1654 1185 1731 καλεῖ,
1211 1653 1297 1735 quod
1313 1652 1392 1736 quin

253 1758 285 1822 in
308 1757 467 1843 epitomae
490 1755 665 1840 archetypo
688 1755 794 1834 fuerit,
820 1755 950 1822 dubium
974 1776 1036 1821 uon
1053 1763 1118 1833 est;
1144 1755 1187 1821 of.
1207 1755 1392 1821 Hanovium

253 1881 285 1944 p.
299 1859 375 1923 1111.
416 1859 484 1924 Hoc
508 1857 651 1924 scholion
669 1857 755 1941 quod
777 1857 807 1923 ei
830 1858 891 1942 ipsi
910 1858 1010 1943 capiti
1033 1858 1107 1924 libri
1129 1857 1170 1924 dc
1192 1879 1222 1924 1.
1241 1879 1272 1921 v.
1289 1861 1330 1920 22
1345 1895 1393 1905 -

253 1963 327 2028 huic
343 1962 428 2028 enim
443 1961 602 2046 epitomae
624 1962 713 2027 locus
735 1961 909 2046 respondet
932 1997 972 2008 -
995 1960 1153 2026 adiectum
1176 1967 1236 2042 111,
1263 1980 1303 2024 ex
1326 1981 1394 2042 qno

253 2065 427 2149 Dionysius
450 2064 660 2131 11111138
685 2064 725 2131 de
748 2065 840 2130 Dem.
867 2064 1012 2148 repetiit,
1046 2064 1089 2129 ad
1116 2064 1201 2147 quod
1231 2071 1330 2149 caput
1356 2071 1395 2130 et

252 2169 357 2252 ipsum
382 2162 520 2254 ὁᾶδρός
542 2167 737 2252 adscriptum
767 2187 840 2234 esse
868 2167 1025 2244 vidimus,
1058 2167 1148 2232 casui
1177 2167 1266 2232 nnllo
1296 2165 1394 2232 modo

253 2270 348 2334 tribui
371 2277 492 2356 potest;
525 2271 622 2334 immo
644 2271 744 2336 verba
772 2269 876 2354 priore
906 2271 976 2336 loco
998 2268 1131 2335 laudata
1160 2267 1197 2334 ἐν
1218 2276 1265 2333 τῶ
1285 2263 1390 2354 ἁδρῷ,

254 2371 290 2438 ἐν
320 2380 365 2436 τῶ
396 2372 512 2454 iuncti,
554 2369 590 2437 lv
619 2379 665 2435 τῶ
694 2377 785 2453 piton
820 2371 930 2438 eodem
966 2371 1077 2438 ordine
1113 2371 1257 2437 exhibita
1291 2379 1392 2454 atque

252 2475 285 2540 in
309 2475 430 2541 scholio
460 2476 516 2541 illo
546 2474 692 2558 flagitant
722 2483 754 2540 11
776 2476 934 2559 epitomae
958 2473 1101 2541 scholion
1131 2481 1164 2540 et
1185 2475 1393 2540 Ambrosiani

252 2578 285 2643 in
315 2577 395 2643 libro
424 2578 466 2644 de
492 2578 709 2644 Demosthene
738 2586 830 2644 notas
859 2577 1035 2644 abeodem
1062 2578 1139 2644 olim
1165 2577 1294 2643 rhetore
1315 2597 1394 2662 pro-

253 2682 337 2746 iecta
360 2701 443 2747 esse.
491 2682 640 2766 Epitoma
666 2689 774 2747 autem
803 2688 885 2761 tum,
919 2701 990 2746 cum
1019 2680 1127 2747 rhetor
1156 2681 1213 2746 ille
1241 2679 1388 2760 florebat,

252 2784 390 2850 nondum
415 2784 562 2850 coniectu
584 2791 662 2850 orat.
710 2785 802 2865 Vide,
828 2784 913 2850 unde
936 2784 995 2850 hoc
1017 2784 1184 2850 efficiatur.
1232 2783 1283 2848 Dc
1305 2804 1333 2848 c.
1354 2803 1389 2848 v.

253 2909 285 2970 p.
304 2891 360 2950 291
383 2887 545 2952 Plutarchi
575 2887 631 2952 iile
660 2894 797 2952 sectator
826 2886 868 2953 ad
895 2881 1013 2973 ὑψηλά
1042 2886 1261 2971 adscripserat
1284 2880 1388 2971 1111ρά,

253 3007 335 3069 quae
357 3008 419 3052 vox
449 2988 565 3054 deinde
594 2989 627 3053 in
651 2987 797 3073 Dionysii
823 2990 922 3054 verba
951 2989 1035 3055 male
1064 2990 1188 3055 intrusa
1215 2998 1265 3055 111
1293 2989 1389 3070 iside,

252 3111 335 3173 quae
361 3090 445 3156 infra
474 3090 606 3172 dicam).
653 3091 720 3156 Iam
746 3113 819 3158 cum
848 3092 960 3158 eadem
983 3092 1018 3157 in
1040 3093 1391 3177 epitomap.v11123

252 3195 393 3277 legatur,
434 3195 578 3276 sequitur
611 3194 726 3260 iibmm
760 3195 799 3259 de
832 3215 859 3260 1.
893 3216 923 3260 v.
957 3201 1030 3280 post
1062 3195 1150 3260 illius
1183 3203 1323 3262 aetatem
1355 3195 1390 3260 in

253 3295 430 3361 breviorem
463 3296 596 3360 formum
627 3296 789 3362 redactum
820 3316 903 3363 esse.
957 3297 1169 3364 Plutarcheus
1200 3297 1301 3381 igitur
1334 3298 1392 3364 ille

253 3399 360 3464 rhetor
387 3396 528 3465 scholion
559 3399 685 3482 dequo
715 3399 822 3482 agitur
849 3401 882 3465 in
905 3401 1001 3486 pleno
1031 3401 1218 3484 integroque
1240 3400 1390 3484 Dionysii

254 3500 361 3566 codice
384 3500 556 3586 adscripsit
585 3501 682 3584 inque
705 3502 833 3584 eodem,
865 3523 936 3568 cum
959 3503 1077 3568 similia
1099 3503 1132 3568 in
1154 3503 1236 3570 libro
1259 3503 1300 3569 de
1324 3504 1391 3569 De·

254 3604 418 3671 mosthene
441 3611 649 3684 recurrerent,
675 3606 753 3671 iocis
777 3623 876 3688 supra
898 3605 1038 3670 laudatis
1054 3604 1183 3672 easdem
1206 3606 1274 3672 iere
1297 3615 1391 3672 notas

253 3706 383 3772 adiecit.
430 3706 540 3772 idem
570 3707 701 3790 igitur
728 3707 808 3774 fuit
838 3706 964 3774 codex
994 3728 1069 3792 quo
1099 3709 1207 3774 liber
1229 3708 1277 3774 de
1300 3729 1328 3774 c.
1354 3731 1386 3774 v.

253 3815 291 3875 11
313 3807 360 3874 de
383 3807 667 3876 Demosthenis
689 3809 872 3876 dictione
893 3810 1092 3876 iudicium
1115 3811 1392 3878 contineban-

254 3919 326 3978 tur.
374 3912 469 3978 Derto
491 3919 596 3978 autem
613 3933 663 3996 ea,
689 3933 771 3996 quae
788 3913 1019 3978 Ambrosianus
1040 3914 1181 3996 exhibet,
1207 3915 1240 3979 in
1264 3915 1320 3980 illo
1337 3935 1392 3980 co-

253 4015 324 4080 dice
354 4014 493 4080 suerunt.
540 4015 620 4081 Inde
643 4017 802 4098 sequitur,
835 4015 911 4098 quia
932 4017 1108 4082 Florentini
1134 4023 1166 4083 et
1188 4017 1390 4083 Ambrosiani

252 4117 338 4183 idem
360 4117 432 4184 fons
455 4125 521 4201 est,
554 4138 626 4184 eum
649 4119 753 4204 ipsum
778 4119 936 4202 codicem,
970 4139 1063 4203 quem
1086 4120 1178 4186 modo
1205 4121 1392 4187 enucleavi-

255 4240 335 4304 mus,
366 4221 530 4305 utriusque
553 4221 626 4288 libri
649 4224 858 4312 archetypum
889 4225 1002 4291 fuisse.
1049 4224 1116 4288 Iam
1141 4243 1216 4290 vero
1238 4225 1389 4306 quoniam
