3006 4892
548 311 763 372 ,79-

82 515 141 560 sus
165 497 222 558 90.'
250 500 259 557 t
295 515 335 560 ex
365 496 444 562 libro
467 497 568 581 primo
591 497 743 581 repetitos
766 497 987 576 substituisse,
1013 495 1132 580 quippe
1153 495 1225 576 qui-

84 599 146 664 bus
173 617 213 664 eo
243 598 312 664 loeo
334 598 463 666 minime
486 599 529 666 sit
551 619 643 684 opus.
691 599 756 666 Sed
778 600 903 667 duabus
925 601 1030 681 rebus,
1056 617 1136 683 ques
1160 597 1226 682 pri-

82 721 156 766 mus
178 700 391 767 Neumannus
413 701 654 782 animadvertit,
679 703 756 768 mihi
786 703 996 788 persuadetur
1018 720 1131 768 versus
1153 700 1226 764 illes

216 805 299 869 unde
321 805 429 870 uoluae
450 806 534 890 ipur's
550 807 732 890 pervenerat
753 816 810 872 eut
830 806 864 870 iu
885 815 991 870 utrum
1013 827 1046 868 se

218 909 348 974 aerrmt
367 909 440 973 binc
458 919 596 994 partem,
622 933 681 994 quc
698 919 796 994 pacto
816 932 876 993 per
898 910 967 974 loca
988 917 1099 992 saepta

216 1012 398 1091 insinuarit,
423 1022 454 1078 et
474 1013 547 1077 binc
570 1015 748 1078 dominatus
770 1022 805 1078 ut
826 1012 977 1078 extulerit
997 1033 1031 1092 se

80 1123 156 1199 post
180 1117 244 1179 382
266 1115 350 1182 sulse
372 1116 508 1182 insertus
531 1135 614 1182 esse.
661 1117 814 1200 Legimus
837 1115 923 1182 enim
950 1115 1013 1198 (VI,
1041 1115 1103 1178 379
1118 1115 1220 1195 suppl:

215 1217 272 1281 leoc
295 1227 341 1282 est
363 1219 496 1304 ipulferr'
516 1227 664 1302 recturum
675 1218 831 1305 fulminas
853 1218 953 1302 ipsum

212 1321 389 1404 perspicere
412 1330 442 1385 et
464 1344 524 1406 pue
548 1323 580 1385 ul
590 1323 701 1407 faciet
721 1343 788 1386 rem
811 1343 962 1406 purumque
985 1319 1098 1397 vider,

215 1446 276 1487 neu
296 1423 459 1510 Tyrrhena
481 1433 565 1489 retro
581 1427 753 1489 volventem
775 1429 916 1488 cumina
927 1424 1063 1509 fnestra

215 1526 331 1590 indicia
354 1528 492 1591 occultae
514 1527 620 1592 dirum
640 1529 824 1612 perquirere
847 1528 970 1592 meretis.

80 1630 117 1693 ln
141 1629 318 1714 Tyrrhenis
347 1637 452 1696 autern
481 1630 673 1696 carminibus
703 1631 737 1696 id
766 1629 859 1696 modu
881 1630 1036 1714 seriptum
1059 1634 1139 1705 eret,
1164 1627 1225 1692 hee

80 1733 134 1796 vel
157 1731 240 1796 illud
262 1731 430 1798 fulminum
452 1751 553 1816 genus
576 1733 716 1798 faustum
744 1735 786 1800 sit
807 1755 849 1800 sn
873 1734 958 1799 malo
980 1736 1095 1812 omine,
1120 1751 1224 1814 neque

81 1855 159 1900 vero
175 1834 220 1910 id,
240 1835 321 1898 unde
337 1834 446 1898 rotans
460 1834 542 1919 ipnsb
559 1835 739 1918 peruenerit
754 1845 811 1900 etc.
845 1835 952 1914 Quare
966 1853 1080 1902 versus
1095 1835 1221 1898 usu-5

81 1937 134 2001 bie
148 1956 214 2002 non
227 1944 364 2021 possunt
379 1937 527 2021 primitus
541 1938 646 2004 locum
658 1939 822 2005 babuisse.
849 1940 1021 2005 Praeterea
1033 1955 1147 2004 versus
1159 1938 1222 2002 386

81 2061 147 2104 uon
169 2046 278 2126 potest
301 2060 367 2107 uua
387 2061 459 2108 eum
483 2044 610 2106 383-5
634 2043 857 2127 sperpur'rere
877 2045 959 2124 (384)
988 2040 1139 2128 pendere.
1181 2039 1223 2104 Hi

81 2143 168 2208 enim
193 2143 235 2208 ad
257 2145 414 2210 rationem
435 2145 607 2229 pertinent,
633 2147 689 2211 ille
712 2147 755 2212 ad
778 2166 850 2212 eam
873 2145 1111 2228 quaestionem,
1137 2142 1222 2226 quud

81 2267 177 2313 umen
207 2247 241 2311 in
269 2247 407 2330 singulis
435 2247 551 2314 ictibus
579 2249 687 2314 inesse
716 2250 830 2334 possit.
878 2248 1088 2315 Desideratur
1115 2253 1221 2313 sutem

80 2369 121 2414 ea
136 2351 295 2432 quaestio,
320 2373 408 2414 num
420 2353 613 2438 faustum
634 2353 877 2438 sitsulmeu.
918 2351 1042 2430 Quibus
1057 2351 1098 2418 de
1114 2351 1221 2418 euusis

82 2452 162 2518 nribi
194 2473 258 2519 non
289 2452 420 2519 dubium
449 2462 514 2536 est,
544 2455 620 2538 quin
643 2475 755 2522 versus
785 2457 925 2531 usu—,5
956 2463 1012 2522 sut
1039 2454 1223 2539 interpolati

80 2565 137 2620 eut
158 2576 181 2620 a
204 2556 324 2622 lectore
338 2556 372 2621 in
387 2557 532 2640 margine
547 2557 711 2642 adscripti,
736 2557 854 2625 deinde
869 2560 903 2624 in
918 2565 1099 2625 contextum
1114 2563 1222 2623 trans·

82 2660 139 2724 lati
162 2660 245 2735 sint,
276 2660 323 2725 ita
352 2669 387 2724 ut
416 2680 513 2725 uuum
543 2660 769 2727 Lucretianum
797 2660 1011 2747 depellerent,
1044 2661 1099 2744 qui
1129 2680 1221 2742 quem

81 2782 213 2828 sensum
236 2761 393 2843 babuerit,
420 2765 502 2830 bene
525 2784 565 2830 ex
587 2785 636 2846 eo,
663 2785 758 2848 quem
773 2766 981 2832 Neumannus
999 2764 1101 2844 linxit,
1128 2783 1222 2830 versu

80 2866 298 2948 intellegitur:
339 2867 417 2950 quid
447 2866 509 2932 sibl
534 2868 703 2951 pruedr'cut
729 2868 844 2954 fausti
876 2868 922 2933 uis
954 2868 1119 2952 splendide
1154 2867 1218 2931 teli.

82 2970 195 3052 Itaque
217 2970 369 3052 quonium
391 2969 529 3035 dubitari
545 2972 665 3054 nequit,
692 2972 768 3054 quin
790 2974 895 3036 Str-9
918 2978 1003 3038 reete
1024 2990 1060 3037 se
1082 2970 1222 3037 babeant

81 3093 119 3136 eo
150 3073 239 3152 loeo,
280 3073 334 3138 ubi
365 3073 491 3140 codices
520 3093 576 3140 eus
606 3075 776 3158 praebent,
809 3075 951 3158 sequitur
981 3094 1094 3142 versus
1123 3078 1175 3139 90.
1204 3081 1216 3139 1

81 3177 165 3242 salso
188 3197 229 3240 ex
251 3175 334 3241 libro
355 3177 459 3260 primo
480 3177 632 3263 repetitus
655 3198 737 3245 esse.
763 3215 805 3228 -

168 3279 293 3343 Eodem
327 3277 394 3344 fere
424 3279 517 3344 modo
547 3288 643 3362 atque
672 3282 719 3358 is,
751 3301 845 3364 quem
876 3281 970 3346 modo
998 3282 1216 3358 tractavimus,

80 3383 170 3448 locus
194 3382 349 3467 expliuari
372 3391 507 3467 possunt
529 3404 643 3450 versus

546 3487 584 3566 v,
612 3491 750 3551 ure-u.

168 3593 231 3655 206
256 3591 341 3673 qued
360 3591 602 3672 superastaret,
629 3599 731 3654 temen
754 3591 791 3654 r'd
811 3597 927 3655 nutura
948 3613 1007 3656 sua
1029 3593 1061 3656 οἱ

258 3692 396 3756 smtibus
419 3692 564 3770 obducet,
588 3693 625 3756 ru'
646 3693 691 3756 ris
713 3693 849 3758 humanu
871 3692 1000 3758 resistet

259 3795 339 3860 vital
359 3817 453 3860 ceusu
476 3796 581 3861 calido
603 3806 748 3861 consuete
771 3797 891 3861 bidenti

259 3901 414 3984 iuqeruere
437 3908 468 3964 et
490 3908 607 3964 terrum
625 3901 745 3982 pressis
763 3901 967 3983 proscindere
989 3900 1118 3966 urutrr's.

167 4007 230 4066 210
252 4003 284 4066 sr'
303 4023 365 4064 nen
377 4003 538 4086 fecundus
561 4011 715 4066 uertentes
738 4025 858 4068 uomere
878 4003 987 4088 plebes

261 4105 419 4190 terraique
441 4107 540 4169 solum
563 4106 738 4190 subiqeutes
760 4107 857 4169 cimus
880 4107 925 4170 ad
944 4115 1041 4188 ortus,

258 4217 368 4292 sperate
390 4231 448 4272 suc
469 4217 622 4292 nequeunt
644 4209 780 4292 liquidas
803 4210 934 4273 existere
956 4209 990 4273 r'rr
1011 4233 1117 4275 aures.
