3010 4896
283 293 322 355 ιε
711 327 752 337 -
799 291 911 374 [ua]-
944 327 984 336 -

279 509 350 551 rum
373 486 567 569 aliquamdiu
595 483 760 560 habuerit,
787 483 866 546 nihil
895 482 1045 547 docemur
1071 481 1131 545 nisi
1156 480 1300 546 Curtium
1323 481 1418 564 ipsum

281 594 320 657 de
352 613 447 658 causa
483 591 674 656 invenienda
705 593 882 673 desperare.
938 589 1085 652 Forsitan
1117 587 1234 651 dixerit
1270 588 1417 670 quispiam

279 699 476 782 Lysandrum
499 717 605 762 muros
625 697 732 761 delere
754 697 857 779 ipsum
876 695 1014 758 noluisse
1034 698 1066 757 et
1089 693 1161 756 ideo
1180 691 1418 758 Atheniensibus

280 805 460 870 deiciendos
487 803 666 880 tradidisse,
694 803 748 885 qui
778 823 846 865 cum
875 799 980 865 officia
1007 799 1232 882 neglexissent,
1264 801 1295 864 id
1324 801 1417 882 ipsum
1494 843 1495 900 y

279 931 391 974 causae
419 909 496 974 satis
528 909 637 986 fuisse,
669 930 724 972 cur
752 909 814 972 iam
841 907 1004 990 Lysander
1034 904 1102 989 ipse
1134 927 1239 970 muros
1267 906 1419 969 deiecerit.

279 1017 342 1082 Sed
373 1017 499 1100 ineptus
531 1023 616 1082 certo
644 1015 804 1078 videretur
830 1013 1005 1095 Lysander,
1037 1013 1063 1076 si
1096 1033 1225 1094 operam
1257 1012 1298 1076 ab
1327 1012 1419 1076 Athe-

279 1123 441 1188 niensibus
464 1125 607 1187 relictam
629 1120 765 1202 benigne
794 1122 860 1202 ipse
887 1140 945 1201 pro
974 1120 1018 1182 eis
1041 1118 1230 1200 suscepisset
1256 1138 1420 1199 murosque

280 1228 445 1294 deiecisset
463 1230 558 1312 idque
577 1249 646 1293 cum
666 1232 762 1300 cantu
779 1225 945 1289 tibicinum
964 1246 1001 1288 ao
1015 1244 1136 1288 summo
1151 1245 1221 1288 oum
1240 1223 1419 1305 gaudioso

280 1336 408 1400 ciorum.
445 1334 556 1418 Itaque
575 1355 645 1397 cum
663 1333 751 1397 nulla
774 1353 869 1396 causa
893 1330 1078 1405 inveniatur,
1101 1351 1156 1394 cur
1179 1329 1341 1413 Lysander·
1362 1351 1420 1393 non
1494 1318 1495 1390 l

279 1443 387 1504 statim
415 1461 520 1504 muros
549 1439 715 1515 deiecerit,
743 1460 813 1501 cum
839 1438 904 1501 tale
931 1436 1008 1519 quid
1036 1436 1207 1502 abhorreat
1233 1437 1274 1501 ab
1306 1457 1364 1501 usu
1391 1441 1421 1499 et

279 1547 402 1610 ratione
425 1545 502 1610 belli
524 1546 655 1628 gerendi
677 1567 741 1610 non
761 1545 831 1609 dico
851 1543 1043 1610 Graecorum
1063 1544 1118 1607 sed
1140 1543 1278 1607 omnium
1299 1543 1421 1608 omnino

280 1653 477 1734 populorum,
491 1651 595 1716 facere
609 1672 672 1715 non
686 1671 858 1734 possumus,
873 1651 948 1732 quin
959 1648 1097 1715 Scheibii
1112 1650 1300 1714 sententiam
1314 1651 1421 1714 reicia-

279 1778 358 1833 mus,
375 1757 437 1822 nisi
458 1757 539 1821 forte
561 1779 619 1840 per
637 1759 806 1840 scriptores
825 1756 909 1838 ipsos
927 1756 1025 1820 talem
1043 1777 1147 1820 rerum
1167 1756 1311 1820 ordinem
1331 1755 1420 1820 intel-

278 1863 384 1944 legere
398 1865 546 1947 cogimur.
576 1862 635 1940 Qui
650 1883 731 1945 quae
746 1867 885 1938 narrent,
899 1860 962 1926 iam
976 1863 1153 1927 accuratius
1167 1861 1339 1926 ridendum
1355 1862 1421 1926 erit

369 1968 415 2032 do
441 1989 500 2051 per
527 1989 581 2033 eos
608 1970 692 2051 ipsos
721 1969 767 2033 ita
794 1989 845 2032 res
869 1969 1069 2051 exponendas
1097 1989 1178 2045 esse,
1205 1973 1243 2032 ut
1270 1969 1421 2051 exposuit,
1494 1981 1495 2014 l

279 2076 402 2139 elucere
424 2081 517 2158 putat
540 2073 713 2150 Schedius,
735 2075 852 2157 quippe
876 2073 929 2158 qui
953 2075 986 2138 in
1009 2095 1047 2138 ea
1070 2095 1104 2140 re
1127 2075 1334 2152 consentiant,
1357 2079 1421 2139 sta-

282 2181 340 2244 tim
363 2187 435 2264 post
458 2199 564 2245 muros
587 2181 710 2245 dirutos
733 2181 867 2262 triginta
888 2180 972 2245 viros
995 2202 1062 2246 esse
1085 2182 1255 2247 institutos.

368 2287 446 2350 Xen.
466 2287 504 2350 H.
524 2286 560 2352 G.
581 2286 671 2363 11,3,
692 2287 728 2351 11
757 2283 789 2350 ol
813 2284 851 2388 dl⁴
871 2281 1055 2370 τριάκοντα
1078 2279 1249 2372 ᾑρέθησαν
1271 2286 1332 2370 μὲν
1352 2285 1421 2352 ἐπεὶ
1494 2319 1495 2378 y

278 2389 416 2475 τάχιστα
438 2383 481 2456 tol
503 2383 613 2477 μακρὰ
636 2393 727 2478 τείχη
752 2383 873 2456 καὶτὰ
896 2393 974 2475 περὶ
997 2383 1059 2457 τδν
1077 2393 1218 2478 Πειραιᾶ
1236 2393 1421 2480 καθῃρέθη.
1494 2387 1495 2462 l

368 2497 438 2581 Lys.
468 2497 560 2575 XIII,
592 2498 635 2562 34
673 2489 786 2584 ἐπειδὴ
818 2489 880 2582 γὰρ
914 2495 1036 2563 ἐκεῖνοι
1073 2497 1322 2585 συλληφθέντες
1355 2497 1422 2564 έδέ-

279 2609 402 2689 θησαν,
433 2599 512 2668 τότε
539 2605 596 2668 καὶ
624 2595 642 2668 ὁ
667 2599 861 2687 Λύσανδρος
890 2602 935 2680 τίς
962 2595 1041 2680 τοὺς
1074 2603 1207 2688 λιμένας
1237 2596 1317 2682 τοὺς
1345 2596 1421 2689 ὑμε-

279 2708 396 2793 τέρους
424 2706 614 2775 εἰσέπλευσε
643 2711 699 2774 καί
728 2706 762 2774 αἱ
793 2717 870 2794 νῆες
898 2706 932 2773 αἱ
964 2703 1119 2794 ὑμέτεραι
1147 2712 1423 2795 Λακεδαιμονίοις
1494 2741 1495 2752 ¹

278 2810 520 2901 παρεδόθησαν
542 2807 663 2880 καὶτὰ
687 2817 776 2901 τείχη
799 2810 995 2901 κατεσκάφη
1022 2817 1079 2880 καί
1103 2813 1135 2880 οἱ
1157 2811 1341 2901 τριάκοντα
1364 2841 1421 2881 κα·
1494 2811 1495 2892 ᾖ

278 2916 442 3006 τέστησαν
466 2923 522 2986 καί
544 2923 577 2986 τί
601 2914 642 2987 ori
664 2928 735 2985 τῶν
760 2922 882 2985 δεινῶν
906 2929 946 3004 τῇ
969 2917 1067 3006 πόλει
1091 2917 1234 3005 ἐγένετο.
1494 2931 1495 2938 ’

367 3027 448 3091 Plut.
467 3027 538 3111 Lys.
558 3027 617 3092 XV
637 3019 655 3091 ὃ
681 3018 714 3091 δ’
733 3013 795 3091 οὖν
815 3009 1010 3111 Λύσανδρος
1032 3018 1074 3091 τὰ
1098 3029 1188 3114 τείχη
1211 3023 1421 3093 κατέσκαπτε

278 3135 334 3196 καὶ
361 3124 421 3209 τὰς
447 3129 591 3219 τριήρεις
614 3127 796 3216 κατέφλεγε
820 3124 905 3214 πρὸς
928 3124 989 3197 τὸν
1013 3124 1118 3198 αὐλόν
1143 3185 1149 3197 .
1171 3185 1177 3197 .
1199 3185 1205 3198 .
1226 3185 1233 3197 .
1258 3125 1362 3210 εὐθὺς
1385 3135 1422 3200 δὲ

278 3240 335 3302 καὶ
361 3231 403 3302 τὰ
431 3240 508 3322 περὶ
539 3231 601 3324 τήν
627 3240 801 3302 πολιτείαν
834 3237 965 3324 ίκίνησε
991 3234 1175 3323 τριάκοντα
1200 3290 1206 3302 .
1228 3291 1234 3303 .
1256 3291 1290 3304 .,
1319 3262 1422 3304 κατα-

279 3340 400 3429 στήσας
427 3337 598 3430 ἄρχσντας.
646 3345 730 3422 Quos
759 3344 842 3410 locos
871 3367 965 3428 quam
992 3366 1158 3428 perperam
1182 3344 1346 3410 Scheibius
1373 3347 1422 3410 in·
1494 3389 1495 3392 =

277 3450 450 3526 tollerent,
478 3449 570 3514 facile
598 3449 795 3533 comprobari
823 3456 935 3534 potest.
986 3451 1066 3515 Nam
1099 3452 1124 3514 ei
1153 3449 1299 3516 Scheibio
1326 3449 1422 3517 fidem

277 3554 479 3632 haberemus,
507 3561 697 3644 sequeretur
713 3562 769 3620 aut
791 3554 1031 3639 Xenophontem
1055 3577 1094 3621 ne
1122 3555 1182 3620 sibi
1209 3558 1270 3641 ipsi
1293 3558 1423 3642 quidem

277 3667 473 3726 constantem
496 3682 573 3738 esse,
596 3673 666 3726 cum
684 3662 746 3726 alio
768 3661 1036 3747 1000(11‚2,23)
1061 3663 1170 3728 statim
1191 3685 1269 3746 pace
1292 3671 1423 3748 accepta

277 3788 383 3832 muros
415 3769 538 3832 dirutos
570 3789 637 3832 esse
664 3768 846 3832 contendat:
879 3757 972 3848 ἔδοξε
1001 3763 1156 3852 δέχεσθαι
1184 3760 1245 3854 τήν
1274 3766 1420 3857 εἰρήνην.

276 3863 359 3955 μετὰ
379 3871 415 3936 δε
433 3879 540 3937 ταῦτα
559 3870 754 3955 Λύσανδρός
772 3869 986 3938 τε-κατέπλει
1006 3872 1051 3950 είς
1069 3865 1131 3938 τὸν
1149 3876 1289 3960 Πειραιᾶ
1312 3878 1370 3940 καὶ
1388 3875 1422 3942 οἱ

278 3974 423 4062 φυγάδες
445 3974 611 4061 κατήεσαν
635 3981 690 4043 καὶ
713 3971 755 4044 τὰ
778 3981 868 4065 τείχη
887 3975 1121 4045 κατέσκαπτον
1144 3987 1199 4045 aut
1221 3983 1330 4064 paucis
1354 3983 1422 4047 die·

276 4083 346 4160 bus,
368 4090 535 4166 postquam
556 4107 619 4168 pax
642 4087 903 4162 conclamasset,
930 4089 1063 4169 triginta
1085 4089 1169 4151 viros
1192 4094 1314 4152 creatos
1338 4109 1421 4154 esse:

278 4190 360 4272 quod
390 4195 426 4252 ut
454 4192 624 4255 contendat
652 4190 829 4266 Scheibius‚
862 4198 984 4255 tantum
1012 4191 1115 4268 abest,
1147 4197 1183 4256 ut
1209 4205 1319 4274 pacem
1348 4214 1421 4258 vere

277 4285 361 4360 anni
375 4296 441 4360 404
469 4298 659 4372 conclusam,
686 4296 818 4379 triginta
845 4299 928 4360 viros
955 4305 1107 4362 autumno
1135 4303 1257 4362 creatos
1285 4309 1421 4364 censeat.
