3034 4896
725 335 937 398 ..38-

265 522 363 588 trario
392 527 615 606 argumentum
645 521 740 605 petit,
773 521 864 588 ouius
890 520 1081 607 hypothesis
1110 519 1162 586 bis
1190 520 1297 587 verbis
1325 539 1396 586 oon-

266 631 359 708 oepta
381 629 446 691 est:

347 731 408 791 324
771 727 802 791 si
820 727 908 791 nullo
920 726 995 812 fuit
1014 724 1164 810 penitalis
1186 726 1271 810 oripo

434 839 640 895 terrarum
662 839 700 894 et
721 829 831 893 caeli
850 851 1031 915 semperque
1053 830 1304 915 aeteraefoere.

265 933 302 997 In
325 932 372 999 eis
394 933 501 1018 igitur,
529 951 611 1017 quae
634 931 881 1017 praecedebant,
908 931 949 998 de
964 931 1100 1017 genitali
1116 930 1238 1015 origine
1263 941 1276 996 t
1284 953 1397 995 errae

266 1050 302 1099 et
323 1036 446 1118 caeli,
473 1043 505 1102 et
527 1035 560 1101 id
582 1035 710 1120 quidem
734 1035 830 1101 totius
853 1042 958 1102 terrae
981 1043 1014 1102 et
1034 1034 1133 1102 totius
1156 1035 1255 1116 caeli,
1281 1034 1396 1101 dietum

266 1138 366 1205 luisse
388 1158 520 1206 neeesse
543 1146 609 1222 est,
635 1159 673 1205 ao
696 1159 809 1206 revera
838 1139 872 1205 in
894 1138 1040 1205 versibus
1064 1140 1225 1204 318-23
1248 1139 1398 1223 probatur

266 1241 389 1307 eaelum
412 1247 512 1308 totum
534 1243 677 1308 nativum
700 1241 826 1308 mortali
847 1261 979 1326 eorpore
995 1248 1140 1308 constare
1162 1241 1259 1326 (321).
1299 1240 1397 1306 Simul

265 1352 371 1409 autem
395 1352 530 1429 apparet
551 1365 592 1410 ex
614 1345 721 1411 verbis

352 1448 414 1510 318
441 1446 588 1512 ...iam
612 1456 698 1511 tuere
720 1445 788 1525 boo,
814 1446 931 1511 circum
953 1469 1110 1532 supraque
1133 1448 1218 1532 quod
1238 1469 1357 1511 omnem

442 1548 578 1614 eontinet
599 1550 746 1632 amplexo
770 1558 886 1614 msam
1008 1535 1012 1542 ¹

265 1650 402 1735 primum
424 1651 571 1735 quidem,
604 1659 701 1718 antea
727 1653 767 1719 de
790 1653 879 1719 eaelo
901 1673 973 1744 eum
1002 1674 1065 1718 nou
1094 1652 1238 1731 dixisse;
1269 1653 1393 1734 deinde,

265 1753 305 1819 de
328 1759 414 1821 terra
436 1753 571 1820 dixisse.
619 1753 717 1838 Atqui
744 1755 778 1820 in
807 1755 961 1841 proximis
989 1756 1135 1823 versibus
1164 1762 1250 1822 terra
1272 1756 1397 1822 omnino

264 1875 327 1920 non
356 1863 631 1922 commemoratur.
684 1857 805 1923 Versus
839 1857 969 1940 quidem
1001 1861 1181 1937 sos-17,
1217 1859 1251 1924 in
1285 1857 1398 1942 quibus

263 1966 419 2040 monetur,
445 1968 549 2025 turres
571 1980 611 2026 ao
633 1980 713 2025 saxa
735 1979 828 2026 ruere
850 1961 936 2026 vieta
957 1961 998 2027 ab
1014 1980 1104 2042 aevo,
1131 1961 1217 2045 quod
1231 1961 1328 2027 noni
1381 1999 1397 2010 -

264 2069 345 2144 rent,
372 2063 400 2128 si
423 2082 464 2129 ex
486 2062 610 2128 infinito
632 2063 739 2128 omnia
753 2070 911 2130 tormenta
927 2064 1046 2130 aetatis
1061 2065 1321 2148 pertolerassent,
1340 2084 1396 2150 pro

263 2165 350 2231 exitu
363 2165 592 2249 disputationis
605 2165 869 2232 demutabilitate
882 2173 978 2248 atque
986 2165 1180 2232 mortalitate
1188 2165 1286 2232 totius
1295 2173 1396 2232 terrae

264 2268 345 2334 bene
368 2275 503 2352 possunt
524 2267 653 2346 baberi,
678 2268 736 2334 sed
763 2274 871 2334 textus
898 2268 1028 2336 traditio
1055 2268 1139 2334 hano
1160 2269 1396 2354 interpretatio-

263 2388 336 2434 nem
359 2377 448 2436 aroet
469 2370 682 2455 impeditque,
717 2371 887 2454 quominus
913 2371 986 2437 illos
1016 2391 1128 2439 versus
1156 2392 1228 2438 enm
1258 2376 1314 2437 251
1333 2375 1395 2435 -6

263 2457 505 2555 ooniungamus,
525 2493 596 2538 oum
613 2472 728 2556 quibus
744 2493 799 2539 eos
816 2474 986 2540 convenire
1002 2473 1205 2541 manifestum
1222 2481 1281 2542 est.
1314 2473 1395 2552 Quin

262 2575 359 2640 etiam
383 2576 529 2644 versibus
552 2580 712 2641 nst-rs.
738 2563 896 2642 ars-so.
924 2579 1094 2642 ast-sos
1121 2579 1324 2663 perlustratis
1347 2579 1395 2643 in-

261 2677 446 2761 tellegimus
457 2679 556 2745 verba
564 2701 646 2763 pers
663 2680 763 2744 terrai
778 2681 861 2762 (2511
875 2680 917 2746 ad
929 2680 1033 2765 ipsam
1045 2688 1204 2747 terrenam
1217 2681 1391 2764 materiam,

262 2779 313 2845 oui
329 2800 421 2847 umor
435 2801 492 2848 aer
512 2781 598 2866 ignis
616 2783 765 2868 opposita
782 2790 867 2864 sunt,
892 2783 1061 2850 referenda
1076 2803 1159 2866 esse,
1185 2804 1282 2867 aquo
1302 2786 1394 2851 abso

261 2903 338 2947 num
360 2882 488 2966 quidem
511 2891 576 2966 est,
603 2884 687 2969 quod
708 2885 741 2950 in
764 2885 909 2953 versibus
933 2889 1097 2951 257-60
1120 2892 1205 2952 terra
1233 2906 1292 2971 pro
1322 2907 1394 2971 per-

261 3003 340 3050 sona
362 2985 506 3052 habetur.

347 3087 442 3166 Quod
463 3089 562 3173 igitur
583 3091 764 3175 expositum
786 3091 826 3156 iri
849 3111 888 3157 ex
911 3091 1059 3158 versibus
1085 3095 1233 3158 318-23
1255 3093 1393 3177 itemque
1496 3065 1497 3080 ἓ

262 3211 302 3256 ex
332 3194 492 3257 sos—17
523 3199 631 3259 nostro
659 3194 727 3260 iure
756 3201 1000 3279 exspectamus,
1037 3195 1070 3260 id
1100 3195 1133 3261 in
1161 3203 1249 3263 textu
1278 3197 1393 3262 tradito
1496 3217 1497 3242 ι

260 3314 322 3360 non
345 3294 377 3361 le
402 3296 474 3360 'tua

346 3315 440 3463 Nido
461 3405 497 3463 ut
518 3400 748 3480 examinemus,
775 3399 853 3484 quid
875 3401 1055 3484 argumenti
1077 3419 1190 3467 versus
1213 3404 1270 3464 251
1283 3403 1391 3466 -305

259 3499 416 3580 habeant,
450 3501 594 3568 versibus
624 3505 684 3566 251
703 3539 739 3550 -
754 3507 794 3568 60
828 3503 1065 3569 demonstratur
1097 3511 1214 3568 terram
1237 3502 1330 3568 libari
1363 3509 1394 3569 et

259 3609 386 3667 auotam
401 3603 550 3682 reoreari;
569 3605 715 3671 versibus
728 3609 786 3670 261
800 3608 876 3668 -72
889 3624 1030 3684 umorem
1041 3612 1195 3691 perpetuo
1208 3612 1240 3671 et
1251 3625 1392 3672 creseere
1481 3663 1485 3674 .

260 3713 292 3770 et
313 3707 524 3786 evanescere;
556 3707 702 3773 versibus
726 3709 886 3773 tus-80
909 3728 986 3775 aera
1007 3729 1071 3774 non
1094 3728 1220 3774 cessare
1243 3707 1331 3793 gigni
1354 3708 1391 3773 de

201 3851 203 3856 ,
258 3807 493 3876 rebusetinres
502 3809 653 3888 recidere,
665 3810 1210 3878 versibus281-305solemlunam
1219 3811 1391 3893 stellasque

304 3914 367 3976 303
391 3933 429 3976 ea·
451 3910 513 3976 alio
536 3921 629 3996 atque
651 3914 714 3977 alio
738 3915 837 3978 lucem
859 3914 979 3978 iactare
1000 3915 1131 3980 subortu

390 4023 421 4079 et
439 4015 579 4098 primum
594 4015 749 4101 quidquid
759 4016 968 4102 flammarum
984 4020 1120 4101 perdere
1143 4040 1279 4101 semper,-

389 4117 582 4182 inva'olabiiia
605 4117 681 4182 haee
703 4141 741 4182 ree
764 4120 874 4182 credes
886 4120 982 4205 forte
1004 4120 1118 4205 ot'pere.

257 4221 405 4304 Denique
421 4221 464 4300 id,
483 4220 569 4304 quod
584 4224 710 4285 ass-7
723 4221 842 4288 dietum
858 4229 937 4304 erat,
956 4231 1061 4290 terrae
1073 4243 1189 4308 eorpus
1205 4231 1238 4288 et
1252 4241 1388 4288 umorem
1496 4315 1497 4320 γ
