2994 4890
252 324 313 388 182
686 355 731 368 -
779 322 862 404 [τεο]
909 355 954 367 -

249 506 456 591 μάτων...
489 509 540 575 δεῖ
562 501 597 573 δ’
623 501 718 592 αὐτῇ
738 511 889 595 τριβῆς
918 507 1080 593 πολλῆς
1106 504 1176 569 καὶ
1205 497 1387 588 κατηχη-

250 633 353 688 σεως
381 616 575 697 χρονίσυ;
608 612 694 678 unde
716 610 773 677 illo
796 611 866 676 loco
888 609 1033 693 corrigas
1056 618 1199 672 σκοπεῖν
1222 603 1387 690 ἐπιστήμη

249 738 286 781 τε
308 715 367 779 καί
389 714 476 780 ἐ’θει.

335 838 367 902 p.
386 821 504 883 467nss.
544 817 623 882 iiia
636 822 721 898 sunt,
748 837 790 884 ex
804 808 955 901 quibunt
972 809 1140 901 ἦθοποιία
1155 817 1292 890 constat,
1317 807 1391 876 διά-

248 939 325 985 νοια
348 920 437 999 λέξις
460 915 631 1002 σύνθεσις,
658 919 693 984 in
716 919 831 1003 quibus
855 917 1002 984 omnibns
1018 917 1132 1002 Lysias
1150 915 1292 1001 palmam
1308 913 1384 980 fert:

251 1015 291 1086 οὐ
314 1017 376 1107 γάρ
400 1021 664 1104 διανοουμένους
685 1020 793 1104 μόνον
815 1015 1021 1088 ὑποτίθεται
1043 1015 1171 1106 χρηστὰ
1187 1018 1245 1082 καὶ
1260 1015 1390 1100 ἐπιεικῆ

250 1125 306 1188 καὶ
329 1129 449 1210 μέτρια
472 1123 551 1201 τοὺς
573 1126 759 1210 λέγοντας.
781 1175 788 1188 .
809 1171 817 1188 .
844 1118 929 1188 ἀλλὰ
948 1124 1004 1188 καὶ
1019 1121 1080 1210 τὴν
1095 1123 1186 1201 λέξιν
1200 1115 1390 1186 ἀποδίδωσι

251 1239 323 1304 τοῖς
345 1223 468 1314 ἤθεσιν
491 1226 629 1309 οἰκείαν,
652 1217 676 1315 ᾗ
699 1231 855 1314 πέφυκεν
876 1221 964 1292 αὐτὰ
980 1224 1119 1314 ,ἑαυτῶν
1147 1221 1310 1308 κράτιστα
1333 1223 1390 1307 δη-

250 1330 414 1411 λοῦσθαι,
447 1326 510 1417 τὴν
532 1338 625 1418 σαφῆ
654 1331 710 1395 καί
740 1335 861 1416 κυρίαν
887 1331 959 1395 κτλ.
1004 1331 1077 1395 Iure
1107 1330 1146 1394 A.
1174 1326 1390 1411 Kiesslingins

249 1432 272 1498 l.
290 1433 313 1497 l.
331 1454 363 1517 p.
381 1437 442 1498 253
465 1433 498 1498 in
514 1434 621 1500 verbi·
643 1424 663 1518 ἢ
679 1438 833 1521 πέφυκεν
850 1471 888 1484 -
906 1433 1099 1520 δηλοῦσθαι
1113 1430 1257 1510 offendit,
1276 1449 1388 1513 quam·

250 1556 346 1618 quam
368 1555 452 1618 quae
474 1537 641 1622 proposuit
662 1527 681 1622 ᾖ
705 1541 860 1624 πέφυκεν
882 1531 969 1602 αὐτὰ
991 1533 1132 1601 πάντων
1153 1533 1317 1621 κράτιστα
1332 1533 1388 1619 δη-

250 1639 357 1703 λῶσαι
377 1639 483 1704 κτίσσε
506 1640 646 1724 placent.
693 1640 800 1706 Verba
822 1639 907 1706 enim
932 1633 1018 1705 αὐτὰ
1041 1637 1179 1720 ἑαυτῶν,
1211 1657 1296 1722 quae
1317 1657 1388 1702 ver-

249 1742 362 1807 borum
384 1741 565 1807 noniunntio
588 1761 718 1826 prorsus
734 1762 752 1808 ε
767 1742 917 1827 Dionysii
940 1748 1109 1824 moreest,
1135 1741 1177 1806 ad
1199 1740 1299 1805 aliam
1322 1759 1387 1806 me-

250 1843 357 1909 delam
373 1843 493 1908 ducunt
508 1833 528 1928 ᾗ
544 1849 698 1930 πέφυκεν
713 1839 800 1910 αὐτὰ
816 1843 944 1910 ἑαυτῶν
966 1855 1160 1929 κρεῖττον
1181 1842 1384 1928 δηλοῦσθαις

250 1945 292 2012 of.
310 1967 343 2030 p.
355 1949 425 2011 7211
448 1939 608 2033 ἡμίφωνα
624 1947 661 2013 δέ
679 1949 733 2030 (τε.
748 1971 837 2024 τινες
854 1945 1041 2031 ἐκάλεσαν),
1061 1941 1126 2012 ὅσα
1141 1944 1226 2028 μετὰ
1241 1945 1305 2027 μὲν
1316 1968 1386 2031 φω-

249 2053 399 2136 νηέντων
421 2043 526 2115 αὐτὰ
549 2047 712 2116 ἑαυτῶν
734 2063 933 2136 κρεῖττον
956 2048 1152 2136 ἐκφέρεται,
1180 2043 1266 2113 καθ’
1286 2045 1386 2114 ἑαυτὰ

251 2151 287 2217 δὲ
303 2163 418 2237 χεῖρον
439 2153 497 2216 καὶ
513 2146 573 2218 οὐκ
589 2147 787 2230 αὐτοτελῶς.
827 2157 903 2218 7611
926 2158 1050 2240 χείρων
1065 2146 1166 2228 αὐτὸς
1182 2145 1288 2217 αὑτοῦ
1302 2155 1388 2236 χίνε-

250 2279 307 2320 ται
334 2256 420 2338 (item
440 2258 531 2321 88311
553 2263 670 2342 μακρῷ
686 2280 754 2322 τινι
768 2260 917 2340 γίγνεται
931 2261 1054 2342 χείρων
1070 2249 1172 2332 αὐτὸς
1188 2253 1319 2336 ἑαυτοῦ,
1344 2253 1383 2319 σί.

251 2359 368 2440 96713).
417 2361 495 2424 7871
518 2355 609 2424 πολὺ
632 2352 780 2440 ἀμείνων
804 2353 846 2425 ἂν
867 2347 909 2444 ἦν
937 2353 1040 2435 αὐτὸς
1071 2357 1194 2424 ἑαυτοῦ
1222 2355 1308 2422 κατὰ
1328 2355 1387 2441 την

251 2457 390 2546 φράσιν.
440 2464 549 2526 102511
574 2459 687 2548 ἕτερος
709 2459 773 2548 γάρ
796 2486 847 2538 τις
870 2456 975 2528 αὑτοῦ
996 2466 1125 2546 γίνεται
1147 2461 1235 2526 τότε.
1480 2443 1481 2456 ¹

336 2601 368 2665 p.
387 2583 494 2646 4687ss
520 2576 569 2648 Οὐ
584 2576 804 2664 θαυμάσαιμ’
824 2577 875 2662 άν,
903 2581 934 2648 εί
960 2633 966 2645 .
988 2631 1022 2646 ..
1048 2579 1209 2669 τοιαύτην
1230 2578 1305 2648 τινὰ
1319 2603 1385 2644 πα-

251 2679 372 2767 ράσχοι
394 2679 499 2762 δόξαν
518 2687 573 2768 (ευ.
590 2677 608 2750 ὃ
624 2691 683 2771 τῆς
707 2678 871 2770 ἁρμονίας
890 2692 948 2772 της
963 2689 1100 2750 Λυσίου
1114 2683 1309 2770 χαρακτήρ),
1335 2676 1382 2748 ὅτι

251 2777 520 2872 ἀνεπιτηδεύτως
542 2787 601 2851 καὶ
623 2781 663 2852 οὐ
685 2784 771 2852 κατὰ
794 2793 923 2875 τέχνην,
951 2782 1150 2869 αὐτομάτους
1176 2787 1213 2852 δέ
1236 2810 1309 2863 πως
1330 2785 1382 2850 καί

250 2881 294 2964 ὡς
317 2886 412 2970 ἔτυχε
436 2887 618 2973 σύγκειται.
644 2889 716 2955 ἔστι
739 2889 776 2956 δὲ
798 2889 929 2968 παντὸς
951 2892 1081 2974 μᾶλλον
1108 2889 1209 2976 ἔρχου
1238 2893 1385 2972 τεχνικοῦ

250 2996 569 3074 κατεσκευασμένος.
616 2992 784 3078 Oppositio
806 2995 940 3060 duorum
964 2994 1198 3060 enuntiatorum
1215 2992 1377 3059 claudicat.

250 3093 418 3160 Sententia
440 3101 527 3160 certa
549 3099 616 3162 est:
655 3095 788 3162 Videtur
810 3097 866 3164 ille
889 3096 1017 3180 quidem
1040 3097 1110 3164 sine
1133 3096 1278 3163 artificiis
1299 3113 1381 3161 nom-

249 3197 373 3280 positus
396 3216 478 3280 εεεε,
505 3205 539 3264 at
560 3198 708 3282 pluribus
731 3219 827 3282 qunm
843 3198 908 3265 dini
923 3206 1029 3284 potest
1044 3208 1174 3265 ornatus
1190 3207 1250 3265 est.
1291 3195 1381 3262 Desi-

249 3298 379 3365 deratnr
400 3300 499 3383 igitur
521 3302 714 3368 eontrarium
742 3302 900 3386 imprimis
923 3303 1091 3368 verborum
1120 3296 1382 3389 ἀνεπιτηδεύτως

249 3401 308 3465 καὶ
330 3395 370 3466 οδ
391 3399 478 3466 κατὰ
499 3407 629 3490 τέχνην.
669 3402 872 3489 Quapropter
893 3406 997 3470 scribo
1017 3402 1089 3471 ἔστι
1104 3403 1141 3470 δὲ
1156 3401 1287 3481 παντὸς
1302 3402 1379 3486 μᾶλ-

249 3504 310 3568 λον
332 3497 432 3589 ἔρχου
453 3513 657 3587 τεχνικῶς
678 3513 999 3590 κατεσκευασμένος.

334 3642 367 3706 p.
386 3625 507 3689 47110ss
531 3627 631 3690 Μίαν
652 3623 689 3689 δὲ
712 3619 836 3712 ἀρετὴν
858 3624 908 3690 ἔτι
930 3633 990 3692 τοῦ
1012 3623 1153 3712 ῥήτορος
1176 3623 1377 3707 ἐπιδείξομαι

248 3729 366 3810 κρίνας
388 3725 570 3813 καλλίστην
599 3750 633 3791 τε
664 3728 721 3792 καί
750 3725 960 3815 κυριωτάτην
970 3731 989 3814 ¹)
1024 3731 1081 3794 καί
1109 3723 1260 3816 ἢμόνην
1281 3723 1300 3815 ἢ
1320 3724 1377 3810 μά-

248 3828 347 3894 λιστα
357 3831 380 3912 ²)
424 3833 490 3894 τῶν
530 3824 642 3896 ἄλλων
681 3828 741 3896 τὸν
782 3836 919 3897 Λυσίου
962 3837 1157 3918 χαρακτῆρα
1198 3830 1378 3915 δυναμένην

320 4051 336 4114 1)
359 4049 531 4122 κυριωτάτην
548 4049 751 4107 Marklandus:
778 4049 944 4119 κοινοτάτην
961 4054 1043 4109 codd.
1072 4057 1083 4120 ΙΙ
1112 4054 1134 4118 ²)
1154 4049 1170 4119 ἢ
1188 4049 1282 4124 μόνην
1298 4049 1313 4117 ἢ
1328 4045 1376 4121 μά-

249 4136 329 4188 λιστα
347 4135 545 4192 Mnrklnndus:
571 4133 665 4209 μόνην
682 4135 734 4205 τὴν
751 4135 876 4209 μάλιστα
894 4141 995 4204 nodd.;
1020 4138 1057 4196 σί.
1078 4156 1105 4209 p.
1122 4141 1221 4192 ¹1231n
1241 4135 1315 4212 παρὰ
1336 4137 1376 4200 τῆς

247 4217 392 4290 immi?
409 4217 425 4286 ἢ
443 4217 533 4292 μόνης
549 4221 667 4288 (miili.
687 4220 777 4295 μόνος
788 4225 825 4288 Μ)
845 4221 862 4292 ἢ
879 4223 1002 4298 μάλιστα
1020 4227 1076 4278 τῶν
1091 4222 1185 4278 ἄλλων
1198 4222 1372 4294 ἀπαιτοῦμεν.
