2982 4884
188 1437 250 1546 Ex
265 1501 327 1562 quo
339 1479 399 1544 viri
414 1479 498 1544 docti
513 1479 689 1563 priscorum
705 1477 896 1562 scriptorum
914 1479 1084 1545 latinorum
1101 1480 1240 1544 sermoni

101 1582 282 1646 accuratius
298 1581 520 1663 cognoscendo
535 1601 664 1663 operam
677 1579 843 1663 dederunt,
858 1567 1016 1664 quomodo
1027 1601 1083 1665 per
1095 1581 1241 1664 singulas

101 1691 226 1749 aetates
242 1683 354 1765 lingua
369 1683 471 1747 latina
486 1701 657 1767 progressa
677 1683 765 1748 silet
781 1684 920 1764 exculta,
939 1683 1127 1767 diligentius
1143 1705 1242 1766 quae-

102 1808 172 1852 rere
189 1793 372 1870 coeperunt.
405 1786 516 1850 Solent
528 1785 626 1868 igitur
637 1807 721 1850 nunc
734 1787 879 1870 singulos
892 1787 1066 1870 scriptores
1079 1808 1141 1850 non
1155 1788 1242 1871 ipsos

102 1890 258 1973 neglectis
280 1889 354 1954 aliis
376 1889 596 1973 contemplari,
624 1889 681 1954 sed
697 1889 791 1956 simul
806 1890 1014 1973 investigare,
1041 1911 1105 1972 qua
1122 1891 1242 1956 ratione

102 1993 222 2076 singuli
247 1994 329 2058 inter
351 2013 386 2058 se
409 1992 604 2058 cohaereant
626 1993 784 2074 quibusve
807 1993 847 2058 de
870 1994 977 2058 causis
1007 1994 1065 2058 hoc
1088 1990 1241 2059 vel'illud

101 2098 134 2161 in
160 2098 271 2180 lingna
293 2097 497 2161 mutaverint.
540 2097 652 2178 ltaque
670 2096 720 2162 his
735 2097 862 2162 demum
878 2097 1074 2181 temporibus
1090 2097 1242 2163 historica

101 2220 199 2280 quam
223 2207 341 2264 vocant
363 2198 574 2281 grammatica
596 2203 710 2282 coepta
731 2206 781 2264 est
803 2199 908 2264 condi.

191 2304 237 2367 Ac
261 2302 380 2366 formae
403 2301 529 2384 quidem
552 2301 777 2366 vocabulorum
800 2323 841 2366 ne
865 2303 970 2386 prisca
990 2303 1120 2385 quidem
1137 2309 1243 2368 aetate

102 2406 238 2470 multum
262 2403 383 2470 distant
405 2405 445 2469 ab
470 2404 520 2485 iis,
547 2424 631 2486 quae
655 2412 768 2488 postea
789 2405 822 2470 in
846 2426 906 2471 usu
928 2413 1039 2472 erant:
1065 2427 1242 2489 quaecum

101 2509 215 2574 Sullae
230 2509 298 2573 fere
313 2508 509 2592 temporibus
525 2509 705 2573 accuratius
720 2508 913 2574 constitutae
929 2517 1048 2594 esseut,
1072 2531 1129 2594 per
1145 2511 1245 2575 multa

101 2613 238 2678 saecula
260 2631 362 2693 usque
386 2612 429 2676 ad
452 2611 572 2676 exitum
595 2611 723 2696 imperii
745 2613 882 2678 Romani
904 2613 972 2678 fere
994 2614 1129 2680 eaedem
1152 2636 1244 2679 man-

101 2723 230 2791 sorunt3
258 2723 368 2780 contra
390 2723 423 2779 et
445 2715 574 2799 syntaxi
597 2721 630 2779 et
653 2715 821 2780 verborum
843 2715 994 2780 thesauro
1017 2727 1049 2781 et
1073 2717 1245 2782 vocabulo-

100 2840 174 2882 rum
198 2819 386 2883 formatione
409 2817 556 2900 singulae
579 2824 702 2882 aetates
733 2817 907 2902 plutimum
933 2819 1016 2884 inter
1045 2838 1079 2885 se
1109 2820 1241 2885 distant.

99 2923 210 3002 Atque
241 2940 312 2985 cum
342 2920 501 3004 syntaxis
527 2919 652 3000 quidem
692 2940 803 3005 parum
841 2922 969 2987 exculta
1003 2922 1090 3006 apud
1120 2922 1244 3007 priscos

101 3024 295 3107 scriptume,
328 3021 436 3087 nimiis
466 3023 610 3088 artificiis
640 3043 737 3107 saepe
767 3025 941 3107 exsanguis
971 3030 1003 3089 et
1032 3025 1189 3108 languida
1211 3025 1245 3089 in

100 3135 261 3208 argentea
283 3127 440 3192 latinitate
463 3125 563 3191 fuisse
587 3125 742 3208 videatur,
771 3147 811 3192 ex
835 3147 951 3192 aureae
974 3128 1091 3194 aetatis
1108 3127 1243 3213 scripto-

101 3231 192 3294 ribus
205 3237 334 3313 praeter
340 3236 464 3294 ceteros
472 3229 659 3294 Ciceronem
671 3229 815 3312 lingnam
827 3229 960 3295 latinam
969 3230 1243 3314 elegantissimam

101 3341 137 3398 et
160 3333 201 3397 ad
223 3333 389 3416 complura
405 3331 565 3396 scribendi
581 3351 702 3414 genera
716 3331 991 3417 expeditissimam
1007 3333 1153 3400 effecisse
1169 3355 1244 3400 con-

101 3445 180 3501 stat.
221 3437 289 3500 Nec
311 3443 419 3501 tamen
442 3435 551 3499 omnia
572 3435 737 3501 Ciceronis
753 3436 871 3520 scripta
886 3435 1000 3501 eadem
1015 3437 1156 3521 insignia
1172 3445 1245 3503 sunt

102 3538 261 3605 sermonis
285 3539 491 3624 perfectione.
539 3539 680 3603 Primum
703 3539 788 3603 enim
812 3559 883 3604 cum
898 3539 982 3605 inter
997 3539 1127 3623 singula
1143 3542 1245 3626 scrip-

102 3651 208 3707 torum
240 3661 360 3724 genera
389 3661 508 3724 magna
536 3641 715 3706 intercedat
745 3641 944 3722 differentia,
978 3649 1044 3708 tum
1071 3644 1240 3728 epistulae,

101 3765 241 3827 quarum
265 3764 369 3810 sermo
391 3743 582 3828 saepissime
604 3744 645 3808 ad
669 3745 835 3826 vulgarem
858 3745 985 3828 dicendi
1002 3765 1092 3810 usum
1110 3747 1245 3812 ‹lescen-

100 3850 171 3932 dit,
202 3847 368 3932 proprium
398 3855 430 3912 et
459 3849 653 3930 singularem
685 3847 828 3912 obtinent
856 3849 970 3914 locum.
1018 3850 1143 3916 Deinde
1173 3871 1243 3915 cum

100 3954 218 4019 Cicero
241 3971 419 4016 sermonem
443 3970 501 4034 per
520 3951 666 4033 singulas
682 3951 767 4015 vitae
782 3957 890 4034 partes
907 3951 1062 4034 paulatim
1078 3957 1111 4018 et
1124 3953 1244 4034 grada-

101 4059 162 4122 tim
185 4055 226 4120 ad
251 4075 321 4120 eam
345 4075 440 4137 quam
457 4055 553 4136 vulgo
569 4053 765 4118 admiramur
780 4054 973 4136 elegantiam
991 4056 1183 4137 provexerit,
1211 4057 1244 4121 in

100 4161 146 4226 iis
169 4159 276 4233 libris,
308 4178 387 4240 quos
410 4158 528 4243 primos
558 4157 700 4241 scripsit,
734 4157 892 4240 permulta
920 4157 1069 4236 admisit,
1099 4180 1181 4242 quae
1210 4160 1244 4225 in

100 4262 337 4348 posterioribus
368 4261 483 4326 frustra
508 4280 655 4342 quaeras.
702 4259 788 4337 Quos
817 4281 888 4324 cum
916 4261 1087 4326 admodum
1118 4263 1245 4329 iuvenis

1024 4385 1034 4433 r
