<?xml version="1.0" encoding="UTF-8"?>
<!DOCTYPE html PUBLIC "-//W3C//DTD XHTML 1.0 Transitional//EN"
    "http://www.w3.org/TR/xhtml1/DTD/xhtml1-transitional.dtd">
<html xmlns="http://www.w3.org/1999/xhtml" xml:lang="en" lang="en">
 <head>
  <title>
</title>
<meta http-equiv="Content-Type" content="text/html;charset=utf-8" />
  <meta name='ocr-system' content='tesseract 3.04.00' />
  <meta name='ocr-capabilities' content='ocr_page ocr_carea ocr_par ocr_line ocrx_word'/>
</head>
<body>
  <div class='ocr_page' id='page_1' title='image "./dissertationesp02unkngoog/dissertationesp02unkngoog_0459.png"; bbox 0 0 3034 4896; ppageno 0'>
   <div class='ocr_carea' id='block_1_1' title="bbox 706 329 927 392">
    <p class='ocr_par' dir='ltr' id='par_1_1' title="bbox 706 329 927 392">
     <span class='ocr_line' id='line_1_1' title="bbox 706 329 927 392; baseline 0.005 -19"><span class='ocrx_word' id='word_1_1' title='bbox 706 329 927 392; x_wconf 75' lang='grc'>,36-</span> 
     </span>
    </p>
   </div>
   <div class='ocr_carea' id='block_1_2' title="bbox 253 511 1393 910">
    <p class='ocr_par' dir='ltr' id='par_1_2' title="bbox 253 511 1393 910">
     <span class='ocr_line' id='line_1_2' title="bbox 339 511 1392 600; baseline -0.005 -19"><span class='ocrx_word' id='word_1_2' title='bbox 339 515 461 582; x_wconf 88' lang='lat' dir='ltr'>Horum</span> <span class='ocrx_word' id='word_1_3' title='bbox 483 515 624 582; x_wconf 86' lang='lat' dir='ltr'>locorum</span> <span class='ocrx_word' id='word_1_4' title='bbox 639 524 772 600; x_wconf 89' lang='lat' dir='ltr'>uterque</span> <span class='ocrx_word' id='word_1_5' title='bbox 794 513 938 583; x_wconf 86' lang='lat' dir='ltr'>offendit.</span> <span class='ocrx_word' id='word_1_6' title='bbox 978 516 1083 598; x_wconf 81' lang='lat' dir='ltr'><strong>Atque</strong></span> <span class='ocrx_word' id='word_1_7' title='bbox 1098 519 1133 578; x_wconf 88' lang='lat' dir='ltr'>nt</span> <span class='ocrx_word' id='word_1_8' title='bbox 1148 534 1168 579; x_wconf 86' lang='lat' dir='ltr'>e</span> <span class='ocrx_word' id='word_1_9' title='bbox 1183 513 1293 596; x_wconf 92' lang='lat' dir='ltr'>quinto</span> <span class='ocrx_word' id='word_1_10' title='bbox 1309 511 1392 576; x_wconf 88' lang='lat' dir='ltr'>libro</span> 
     </span>
     <span class='ocr_line' id='line_1_3' title="bbox 253 616 1389 703; baseline -0.007 -18"><span class='ocrx_word' id='word_1_11' title='bbox 253 619 465 701; x_wconf 84' lang='lat' dir='ltr'>exordiamur,</span> <span class='ocrx_word' id='word_1_12' title='bbox 491 620 526 685; x_wconf 93' lang='lat' dir='ltr'>id</span> <span class='ocrx_word' id='word_1_13' title='bbox 548 618 633 702; x_wconf 88' lang='lat' dir='ltr'>qnod</span> <span class='ocrx_word' id='word_1_14' title='bbox 656 619 858 703; x_wconf 79' lang='lat' dir='ltr'>Goebelius1)</span> <span class='ocrx_word' id='word_1_15' title='bbox 886 625 997 686; x_wconf 83' lang='lat' dir='ltr'>contre</span> <span class='ocrx_word' id='word_1_16' title='bbox 1026 635 1138 684; x_wconf 86' lang='lat' dir='ltr'>versus</span> <span class='ocrx_word' id='word_1_17' title='bbox 1161 616 1199 694; x_wconf 91' lang='lat' dir='ltr'>V,</span> <span class='ocrx_word' id='word_1_18' title='bbox 1228 617 1389 680; x_wconf 74' lang='lat'>128-41</span> 
     </span>
     <span class='ocr_line' id='line_1_4' title="bbox 253 717 1393 808; baseline -0.004 -21"><span class='ocrx_word' id='word_1_19' title='bbox 253 721 386 806; x_wconf 90' lang='lat' dir='ltr'>protulit</span> <span class='ocrx_word' id='word_1_20' title='bbox 407 729 529 808; x_wconf 82' lang='lat' dir='ltr'>repeto.</span> <span class='ocrx_word' id='word_1_21' title='bbox 576 723 692 805; x_wconf 81' lang='lat' dir='ltr'>Neque</span> <span class='ocrx_word' id='word_1_22' title='bbox 713 723 799 788; x_wconf 89' lang='lat' dir='ltr'>enlm</span> <span class='ocrx_word' id='word_1_23' title='bbox 821 741 935 788; x_wconf 83' lang='lat' dir='ltr'>versus</span> <span class='ocrx_word' id='word_1_24' title='bbox 966 723 1038 786; x_wconf 80' lang='lat'>132.</span> <span class='ocrx_word' id='word_1_25' title='bbox 1064 721 1083 784; x_wconf 85' lang='grc'>3</span> <span class='ocrx_word' id='word_1_26' title='bbox 1106 719 1278 802; x_wconf 78' lang='lat' dir='ltr'>quicquam</span> <span class='ocrx_word' id='word_1_27' title='bbox 1300 717 1393 784; x_wconf 82' lang='lat' dir='ltr'>alind</span> 
     </span>
     <span class='ocr_line' id='line_1_5' title="bbox 253 823 1392 910; baseline -0.002 -21"><span class='ocrx_word' id='word_1_28' title='bbox 253 823 434 909; x_wconf 83' lang='lat' dir='ltr'>significare</span> <span class='ocrx_word' id='word_1_29' title='bbox 464 832 599 910; x_wconf 78' lang='lat' dir='ltr'>possunt</span> <span class='ocrx_word' id='word_1_30' title='bbox 627 845 722 910; x_wconf 84' lang='lat' dir='ltr'>qnam</span> <span class='ocrx_word' id='word_1_31' title='bbox 752 825 894 891; x_wconf 81' lang='lat' dir='ltr'>animum</span> <span class='ocrx_word' id='word_1_32' title='bbox 923 825 1026 891; x_wconf 85' lang='lat' dir='ltr'>solnm</span> <span class='ocrx_word' id='word_1_33' title='bbox 1055 823 1126 890; x_wconf 90' lang='lat' dir='ltr'>sine</span> <span class='ocrx_word' id='word_1_34' title='bbox 1154 839 1285 907; x_wconf 88' lang='lat' dir='ltr'>corpore</span> <span class='ocrx_word' id='word_1_35' title='bbox 1315 837 1392 888; x_wconf 88' lang='lat' dir='ltr'>esse</span> 
     </span>
    </p>
   </div>
   <div class='ocr_carea' id='block_1_3' title="bbox 252 924 1508 1013">
    <p class='ocr_par' dir='ltr' id='par_1_3' title="bbox 252 924 1508 1013">
     <span class='ocr_line' id='line_1_6' title="bbox 252 924 1508 1013; baseline -0.002 -21"><span class='ocrx_word' id='word_1_36' title='bbox 252 940 315 992; x_wconf 88' lang='lat' dir='ltr'>non</span> <span class='ocrx_word' id='word_1_37' title='bbox 337 929 477 1013; x_wconf 58' lang='lat' dir='ltr'>posset.</span> <span class='ocrx_word' id='word_1_38' title='bbox 523 927 615 1006; x_wconf 80' lang='lat' dir='ltr'>Quae</span> <span class='ocrx_word' id='word_1_39' title='bbox 644 927 805 995; x_wconf 84' lang='lat' dir='ltr'>sententie</span> <span class='ocrx_word' id='word_1_40' title='bbox 833 928 886 994; x_wconf 88' lang='lat' dir='ltr'>hic</span> <span class='ocrx_word' id='word_1_41' title='bbox 906 928 1019 1012; x_wconf 80' lang='lat' dir='ltr'>inepte</span> <span class='ocrx_word' id='word_1_42' title='bbox 1040 934 1107 1007; x_wconf 87' lang='lat' dir='ltr'>est,</span> <span class='ocrx_word' id='word_1_43' title='bbox 1133 925 1188 991; x_wconf 91' lang='lat' dir='ltr'>ubi</span> <span class='ocrx_word' id='word_1_44' title='bbox 1210 929 1308 1011; x_wconf 80' lang='lat' dir='ltr'>poete</span> <span class='ocrx_word' id='word_1_45' title='bbox 1331 924 1392 990; x_wconf 89' lang='lat' dir='ltr'>de·</span> <span class='ocrx_word' id='word_1_46' title='bbox 1503 944 1508 955; x_wconf 94' lang='lat'>·</span> 
     </span>
    </p>
   </div>
   <div class='ocr_carea' id='block_1_4' title="bbox 252 1027 1393 1117">
    <p class='ocr_par' dir='ltr' id='par_1_4' title="bbox 252 1027 1393 1117">
     <span class='ocr_line' id='line_1_7' title="bbox 252 1027 1393 1117; baseline -0.002 -23"><span class='ocrx_word' id='word_1_47' title='bbox 252 1037 430 1097; x_wconf 77' lang='lat' dir='ltr'>monstrare</span> <span class='ocrx_word' id='word_1_48' title='bbox 452 1031 623 1096; x_wconf 80' lang='lat' dir='ltr'>vulteum</span> <span class='ocrx_word' id='word_1_49' title='bbox 653 1031 795 1117; x_wconf 74' lang='lat' dir='ltr'>quouis</span> <span class='ocrx_word' id='word_1_50' title='bbox 824 1051 994 1114; x_wconf 83' lang='lat' dir='ltr'>corpore</span> <span class='ocrx_word' id='word_1_51' title='bbox 1015 1041 1079 1095; x_wconf 85' lang='lat' dir='ltr'>nori</span> <span class='ocrx_word' id='word_1_52' title='bbox 1101 1045 1175 1094; x_wconf 83' lang='lat' dir='ltr'>esse</span> <span class='ocrx_word' id='word_1_53' title='bbox 1197 1045 1294 1113; x_wconf 79' lang='lat' dir='ltr'>posse</span> <span class='ocrx_word' id='word_1_54' title='bbox 1316 1027 1393 1092; x_wconf 80' lang='lat' dir='ltr'>eni-</span> 
     </span>
    </p>
   </div>
   <div class='ocr_carea' id='block_1_5' title="bbox 251 1131 1509 1320">
    <p class='ocr_par' dir='ltr' id='par_1_5' title="bbox 251 1131 1509 1320">
     <span class='ocr_line' id='line_1_8' title="bbox 252 1131 1509 1221; baseline -0.002 -25"><span class='ocrx_word' id='word_1_55' title='bbox 252 1151 350 1197; x_wconf 91' lang='lat' dir='ltr'>mum.</span> <span class='ocrx_word' id='word_1_56' title='bbox 398 1133 524 1200; x_wconf 83' lang='lat' dir='ltr'>Deinde</span> <span class='ocrx_word' id='word_1_57' title='bbox 553 1133 732 1200; x_wconf 90' lang='lat' dir='ltr'>coniunctio</span> <span class='ocrx_word' id='word_1_58' title='bbox 754 1134 991 1207; x_wconf 81' lang='lat' dir='ltr'>enuntiatorum</span> <span class='ocrx_word' id='word_1_59' title='bbox 1012 1133 1046 1197; x_wconf 92' lang='lat' dir='ltr'>in</span> <span class='ocrx_word' id='word_1_60' title='bbox 1069 1131 1215 1198; x_wconf 84' lang='lat' dir='ltr'>versibus</span> <span class='ocrx_word' id='word_1_61' title='bbox 1240 1132 1392 1196; x_wconf 80' lang='lat'>126-33</span> <span class='ocrx_word' id='word_1_62' title='bbox 1504 1162 1509 1221; x_wconf 63' lang='lat'>2</span> 
     </span>
     <span class='ocr_line' id='line_1_9' title="bbox 251 1231 1509 1320; baseline -0.001 -19"><span class='ocrx_word' id='word_1_63' title='bbox 251 1254 383 1320; x_wconf 86' lang='lat' dir='ltr'>prorsus</span> <span class='ocrx_word' id='word_1_64' title='bbox 405 1236 521 1304; x_wconf 90' lang='lat' dir='ltr'>debilis</span> <span class='ocrx_word' id='word_1_65' title='bbox 543 1244 602 1303; x_wconf 86' lang='lat' dir='ltr'>est.</span> <span class='ocrx_word' id='word_1_66' title='bbox 642 1237 770 1304; x_wconf 75' lang='lat' dir='ltr'>Etenim</span> <span class='ocrx_word' id='word_1_67' title='bbox 785 1237 813 1303; x_wconf 88' lang='lat' dir='ltr'>si</span> <span class='ocrx_word' id='word_1_68' title='bbox 828 1238 938 1313; x_wconf 83' lang='lat' dir='ltr'>rerba,</span> <span class='ocrx_word' id='word_1_69' title='bbox 964 1256 1050 1320; x_wconf 83' lang='lat' dir='ltr'>quoe</span> <span class='ocrx_word' id='word_1_70' title='bbox 1063 1237 1098 1301; x_wconf 94' lang='lat' dir='ltr'>in</span> <span class='ocrx_word' id='word_1_71' title='bbox 1113 1235 1261 1302; x_wconf 78' lang='lat' dir='ltr'>versibus</span> <span class='ocrx_word' id='word_1_72' title='bbox 1280 1237 1355 1300; x_wconf 76' lang='lat'>128.</span> <span class='ocrx_word' id='word_1_73' title='bbox 1372 1239 1393 1300; x_wconf 84' lang='grc'>9</span> <span class='ocrx_word' id='word_1_74' title='bbox 1508 1231 1509 1307; x_wconf 71' lang='lat' dir='ltr'><strong>j</strong></span> 
     </span>
    </p>
   </div>
   <div class='ocr_carea' id='block_1_6' title="bbox 248 1339 1391 2248">
    <p class='ocr_par' dir='ltr' id='par_1_6' title="bbox 251 1339 400 1422">
     <span class='ocr_line' id='line_1_10' title="bbox 251 1339 400 1422; baseline -0.007 -18"><span class='ocrx_word' id='word_1_75' title='bbox 251 1339 400 1422; x_wconf 83' lang='lat' dir='ltr'>leguntur</span> 
     </span>
    </p>

    <p class='ocr_par' dir='ltr' id='par_1_7' title="bbox 405 1442 1245 1527">
     <span class='ocr_line' id='line_1_11' title="bbox 405 1442 1245 1527; baseline -0.001 -21"><span class='ocrx_word' id='word_1_76' title='bbox 405 1443 487 1506; x_wconf 75' lang='lat' dir='ltr'>sicud</span> <span class='ocrx_word' id='word_1_77' title='bbox 508 1443 541 1506; x_wconf 81' lang='lat' dir='ltr'>e&#39;n</span> <span class='ocrx_word' id='word_1_78' title='bbox 563 1443 688 1508; x_wconf 72' lang='lat' dir='ltr'>aethere</span> <span class='ocrx_word' id='word_1_79' title='bbox 709 1465 772 1508; x_wconf 81' lang='lat' dir='ltr'>non</span> <span class='ocrx_word' id='word_1_80' title='bbox 793 1444 897 1525; x_wconf 80' lang='lat' dir='ltr'>orbor,</span> <span class='ocrx_word' id='word_1_81' title='bbox 924 1463 986 1507; x_wconf 81' lang='lat' dir='ltr'>nors</span> <span class='ocrx_word' id='word_1_82' title='bbox 1007 1463 1139 1527; x_wconf 79' lang='lat' dir='ltr'>aequore</span> <span class='ocrx_word' id='word_1_83' title='bbox 1162 1442 1245 1506; x_wconf 83' lang='lat' dir='ltr'>salso</span> 
     </span>
    </p>

    <p class='ocr_par' dir='ltr' id='par_1_8' title="bbox 249 1545 1391 1938">
     <span class='ocr_line' id='line_1_12' title="bbox 405 1545 724 1631; baseline 0 -21"><span class='ocrx_word' id='word_1_84' title='bbox 405 1545 501 1610; x_wconf 81' lang='lat' dir='ltr'>nubes</span> <span class='ocrx_word' id='word_1_85' title='bbox 523 1569 587 1610; x_wconf 82' lang='lat' dir='ltr'>esse</span> <span class='ocrx_word' id='word_1_86' title='bbox 609 1555 724 1631; x_wconf 76' lang='lat' dir='ltr'>queunt</span> 
     </span>
     <span class='ocr_line' id='line_1_13' title="bbox 251 1647 1391 1734; baseline 0 -20"><span class='ocrx_word' id='word_1_87' title='bbox 251 1649 291 1714; x_wconf 83' lang='lat' dir='ltr'>od</span> <span class='ocrx_word' id='word_1_88' title='bbox 308 1666 446 1732; x_wconf 83' lang='lat' dir='ltr'>eaquae</span> <span class='ocrx_word' id='word_1_89' title='bbox 462 1649 660 1734; x_wconf 85' lang='lat' dir='ltr'>praecedunt</span> <span class='ocrx_word' id='word_1_90' title='bbox 681 1649 870 1720; x_wconf 81' lang='lat' dir='ltr'>reseruntur.</span> <span class='ocrx_word' id='word_1_91' title='bbox 897 1649 942 1714; x_wconf 80' lang='lat' dir='ltr'>rie</span> <span class='ocrx_word' id='word_1_92' title='bbox 963 1650 996 1714; x_wconf 94' lang='lat' dir='ltr'>in</span> <span class='ocrx_word' id='word_1_93' title='bbox 1016 1651 1076 1714; x_wconf 80' lang='lat'>132</span> <span class='ocrx_word' id='word_1_94' title='bbox 1091 1648 1168 1714; x_wconf 81' lang='lat' dir='ltr'>ferri</span> <span class='ocrx_word' id='word_1_95' title='bbox 1183 1647 1308 1731; x_wconf 88' lang='lat' dir='ltr'>nequit;</span> <span class='ocrx_word' id='word_1_96' title='bbox 1338 1650 1391 1714; x_wconf 90' lang='lat' dir='ltr'>sin</span> 
     </span>
     <span class='ocr_line' id='line_1_14' title="bbox 250 1751 1391 1836; baseline 0 -20"><span class='ocrx_word' id='word_1_97' title='bbox 250 1751 293 1816; x_wconf 83' lang='lat' dir='ltr'>ed</span> <span class='ocrx_word' id='word_1_98' title='bbox 325 1771 366 1818; x_wconf 83' lang='lat' dir='ltr'>ee</span> <span class='ocrx_word' id='word_1_99' title='bbox 397 1773 481 1836; x_wconf 89' lang='lat' dir='ltr'>quae</span> <span class='ocrx_word' id='word_1_100' title='bbox 514 1761 692 1836; x_wconf 88' lang='lat' dir='ltr'>sequuntur</span> <span class='ocrx_word' id='word_1_101' title='bbox 727 1752 928 1833; x_wconf 84' lang='lat' dir='ltr'>referuntur,</span> <span class='ocrx_word' id='word_1_102' title='bbox 969 1752 1061 1819; x_wconf 90' lang='lat' dir='ltr'>deest</span> <span class='ocrx_word' id='word_1_103' title='bbox 1096 1770 1160 1835; x_wconf 89' lang='lat' dir='ltr'>quo</span> <span class='ocrx_word' id='word_1_104' title='bbox 1188 1752 1231 1818; x_wconf 82' lang='lat' dir='ltr'>ad</span> <span class='ocrx_word' id='word_1_105' title='bbox 1262 1755 1336 1816; x_wconf 77' lang='lat' dir='ltr'>tto.</span> <span class='ocrx_word' id='word_1_106' title='bbox 1372 1757 1391 1816; x_wconf 86' lang='lat' dir='ltr'>&#39;l</span> 
     </span>
     <span class='ocr_line' id='line_1_15' title="bbox 249 1855 475 1938; baseline 0.009 -20"><span class='ocrx_word' id='word_1_107' title='bbox 249 1855 475 1938; x_wconf 74' lang='lat' dir='ltr'>adiunguntur.</span> 
     </span>
    </p>

    <p class='ocr_par' dir='ltr' id='par_1_9' title="bbox 335 1954 1391 2044">
     <span class='ocr_line' id='line_1_16' title="bbox 335 1954 1391 2044; baseline 0.001 -21"><span class='ocrx_word' id='word_1_108' title='bbox 335 1957 488 2025; x_wconf 82' lang='lat' dir='ltr'>Intentio</span> <span class='ocrx_word' id='word_1_109' title='bbox 511 1958 592 2026; x_wconf 88' lang='lat' dir='ltr'>llbro</span> <span class='ocrx_word' id='word_1_110' title='bbox 621 1959 745 2044; x_wconf 88' lang='lat' dir='ltr'>primus</span> <span class='ocrx_word' id='word_1_111' title='bbox 768 1958 978 2025; x_wconf 82' lang='lat' dir='ltr'>Nedmonnns</span> <span class='ocrx_word' id='word_1_112' title='bbox 1007 1954 1166 2024; x_wconf 81' lang='lat' dir='ltr'>intellexit</span> <span class='ocrx_word' id='word_1_113' title='bbox 1193 1958 1391 2042; x_wconf 84' lang='lat' dir='ltr'>interpreta-</span> 
     </span>
    </p>

    <p class='ocr_par' dir='ltr' id='par_1_10' title="bbox 248 2059 1390 2248">
     <span class='ocr_line' id='line_1_17' title="bbox 249 2059 1389 2146; baseline 0.001 -21"><span class='ocrx_word' id='word_1_114' title='bbox 249 2059 366 2126; x_wconf 87' lang='lat' dir='ltr'>tionem</span> <span class='ocrx_word' id='word_1_115' title='bbox 397 2061 540 2128; x_wconf 82' lang='lat' dir='ltr'>huerere.</span> <span class='ocrx_word' id='word_1_116' title='bbox 594 2059 795 2144; x_wconf 77' lang='lat' dir='ltr'><strong>Quamquam</strong></span> <span class='ocrx_word' id='word_1_117' title='bbox 827 2061 911 2126; x_wconf 91' lang='lat' dir='ltr'>enim</span> <span class='ocrx_word' id='word_1_118' title='bbox 941 2080 1004 2126; x_wconf 92' lang='lat' dir='ltr'>non</span> <span class='ocrx_word' id='word_1_119' title='bbox 1033 2061 1131 2146; x_wconf 83' lang='lat' dir='ltr'>plene</span> <span class='ocrx_word' id='word_1_120' title='bbox 1160 2061 1260 2146; x_wconf 86' lang='lat' dir='ltr'>probo</span> <span class='ocrx_word' id='word_1_121' title='bbox 1290 2081 1389 2144; x_wconf 84' lang='lat' dir='ltr'>quem</span> 
     </span>
     <span class='ocr_line' id='line_1_18' title="bbox 248 2163 1390 2248; baseline 0.002 -20"><span class='ocrx_word' id='word_1_122' title='bbox 248 2163 381 2248; x_wconf 88' lang='lat' dir='ltr'>protulit</span> <span class='ocrx_word' id='word_1_123' title='bbox 409 2165 581 2247; x_wconf 82' lang='lat' dir='ltr'>rationem,</span> <span class='ocrx_word' id='word_1_124' title='bbox 615 2171 723 2232; x_wconf 83' lang='lat' dir='ltr'>tamen</span> <span class='ocrx_word' id='word_1_125' title='bbox 757 2171 843 2231; x_wconf 87' lang='lat' dir='ltr'>recte</span> <span class='ocrx_word' id='word_1_126' title='bbox 876 2163 1055 2246; x_wconf 79' lang='lat' dir='ltr'>contendit,</span> <span class='ocrx_word' id='word_1_127' title='bbox 1092 2164 1244 2247; x_wconf 84' lang='lat' dir='ltr'>qnoniam</span> <span class='ocrx_word' id='word_1_128' title='bbox 1272 2176 1390 2231; x_wconf 80' lang='lat' dir='ltr'>versus</span> 
     </span>
    </p>
   </div>
   <div class='ocr_carea' id='block_1_7' title="bbox 249 2259 1403 2456">
    <p class='ocr_par' dir='ltr' id='par_1_11' title="bbox 249 2259 1403 2456">
     <span class='ocr_line' id='line_1_19' title="bbox 249 2259 1399 2353; baseline 0.004 -24"><span class='ocrx_word' id='word_1_129' title='bbox 249 2268 311 2331; x_wconf 82' lang='grc'>784</span> <span class='ocrx_word' id='word_1_130' title='bbox 347 2287 417 2352; x_wconf 87' lang='lat' dir='ltr'>sqq.</span> <span class='ocrx_word' id='word_1_131' title='bbox 462 2267 546 2334; x_wconf 91' lang='lat' dir='ltr'>idem</span> <span class='ocrx_word' id='word_1_132' title='bbox 585 2275 807 2352; x_wconf 80' lang='lat' dir='ltr'>argumentum</span> <span class='ocrx_word' id='word_1_133' title='bbox 847 2267 1100 2353; x_wconf 77' lang='lat' dir='ltr'>complectantur</span> <span class='ocrx_word' id='word_1_134' title='bbox 1135 2275 1231 2351; x_wconf 78' lang='lat' dir='ltr'>etque</span> <span class='ocrx_word' id='word_1_135' title='bbox 1269 2259 1399 2334; x_wconf 77' lang='lat' dir='ltr'>versus</span> 
     </span>
     <span class='ocr_line' id='line_1_20' title="bbox 249 2369 1403 2456; baseline 0.003 -21"><span class='ocrx_word' id='word_1_136' title='bbox 249 2374 310 2435; x_wconf 78' lang='lat'>6¹5</span> <span class='ocrx_word' id='word_1_137' title='bbox 327 2407 368 2419; x_wconf 91' lang='lat'><em>-</em></span> <span class='ocrx_word' id='word_1_138' title='bbox 384 2371 442 2451; x_wconf 80' lang='lat'>23,</span> <span class='ocrx_word' id='word_1_139' title='bbox 478 2371 547 2438; x_wconf 85' lang='lat' dir='ltr'>fieri</span> <span class='ocrx_word' id='word_1_140' title='bbox 577 2387 640 2438; x_wconf 92' lang='lat' dir='ltr'>non</span> <span class='ocrx_word' id='word_1_141' title='bbox 662 2369 806 2456; x_wconf 84' lang='lat' dir='ltr'>potuisse</span> <span class='ocrx_word' id='word_1_142' title='bbox 835 2377 870 2436; x_wconf 91' lang='lat' dir='ltr'>ut</span> <span class='ocrx_word' id='word_1_143' title='bbox 900 2375 997 2456; x_wconf 78' lang='lat' dir='ltr'>poete</span> <span class='ocrx_word' id='word_1_144' title='bbox 1027 2370 1163 2437; x_wconf 85' lang='lat' dir='ltr'>eandem</span> <span class='ocrx_word' id='word_1_145' title='bbox 1190 2371 1403 2438; x_wconf 75' lang='lat' dir='ltr'>sententiam</span> 
     </span>
    </p>
   </div>
   <div class='ocr_carea' id='block_1_8' title="bbox 245 2473 1388 3176">
    <p class='ocr_par' dir='ltr' id='par_1_12' title="bbox 245 2473 1388 3176">
     <span class='ocr_line' id='line_1_21' title="bbox 248 2473 1388 2559; baseline 0 -21"><span class='ocrx_word' id='word_1_146' title='bbox 248 2473 336 2539; x_wconf 90' lang='lat' dir='ltr'>brevi</span> <span class='ocrx_word' id='word_1_147' title='bbox 365 2473 470 2558; x_wconf 79' lang='lat' dir='ltr'>spatio</span> <span class='ocrx_word' id='word_1_148' title='bbox 498 2473 680 2540; x_wconf 86' lang='lat' dir='ltr'>intermisso</span> <span class='ocrx_word' id='word_1_149' title='bbox 716 2481 886 2559; x_wconf 85' lang='lat' dir='ltr'>repeteret.</span> <span class='ocrx_word' id='word_1_150' title='bbox 942 2475 1112 2540; x_wconf 82' lang='lat' dir='ltr'>Praeterea</span> <span class='ocrx_word' id='word_1_151' title='bbox 1144 2473 1245 2539; x_wconf 81' lang='lat' dir='ltr'>verbo</span> <span class='ocrx_word' id='word_1_152' title='bbox 1277 2484 1388 2539; x_wconf 83' lang='lat' dir='ltr'>nostro</span> 
     </span>
     <span class='ocr_line' id='line_1_22' title="bbox 248 2576 1388 2660; baseline 0.004 -23"><span class='ocrx_word' id='word_1_153' title='bbox 248 2597 368 2660; x_wconf 80' lang='lat' dir='ltr'>quoque</span> <span class='ocrx_word' id='word_1_154' title='bbox 395 2595 525 2659; x_wconf 74' lang='lat' dir='ltr'>corpore</span> <span class='ocrx_word' id='word_1_155' title='bbox 552 2583 670 2640; x_wconf 79' lang='lat' dir='ltr'>certum</span> <span class='ocrx_word' id='word_1_156' title='bbox 699 2585 821 2641; x_wconf 74' lang='lat' dir='ltr'>constat</span> <span class='ocrx_word' id='word_1_157' title='bbox 853 2577 936 2659; x_wconf 78' lang='lat'><strong>(794)</strong></span> <span class='ocrx_word' id='word_1_158' title='bbox 968 2592 1031 2658; x_wconf 88' lang='lat' dir='ltr'>quo</span> <span class='ocrx_word' id='word_1_159' title='bbox 1060 2581 1204 2660; x_wconf 81' lang='lat' dir='ltr'>spectent</span> <span class='ocrx_word' id='word_1_160' title='bbox 1231 2596 1296 2642; x_wconf 91' lang='lat' dir='ltr'>non</span> <span class='ocrx_word' id='word_1_161' title='bbox 1324 2576 1388 2642; x_wconf 82' lang='lat' dir='ltr'>lna-</span> 
     </span>
     <span class='ocr_line' id='line_1_23' title="bbox 247 2677 1388 2764; baseline -0.001 -21"><span class='ocrx_word' id='word_1_162' title='bbox 247 2678 338 2761; x_wconf 87' lang='lat' dir='ltr'>bent‚</span> <span class='ocrx_word' id='word_1_163' title='bbox 373 2697 445 2744; x_wconf 90' lang='lat' dir='ltr'>cum</span> <span class='ocrx_word' id='word_1_164' title='bbox 473 2678 654 2764; x_wconf 88' lang='lat' dir='ltr'>oppositum</span> <span class='ocrx_word' id='word_1_165' title='bbox 683 2679 768 2746; x_wconf 82' lang='lat' dir='ltr'>desit</span> <span class='ocrx_word' id='word_1_166' title='bbox 794 2679 837 2762; x_wconf 81' lang='lat' dir='ltr'>(in</span> <span class='ocrx_word' id='word_1_167' title='bbox 865 2679 975 2761; x_wconf 90' lang='lat' dir='ltr'>quinto</span> <span class='ocrx_word' id='word_1_168' title='bbox 997 2678 1079 2745; x_wconf 89' lang='lat' dir='ltr'>libro</span> <span class='ocrx_word' id='word_1_169' title='bbox 1108 2677 1242 2764; x_wconf 70' lang='lat' dir='ltr'>quodvis</span> <span class='ocrx_word' id='word_1_170' title='bbox 1271 2701 1388 2762; x_wconf 69' lang='lat' dir='ltr'>corpere</span> 
     </span>
     <span class='ocr_line' id='line_1_24' title="bbox 252 2780 1381 2866; baseline 0.002 -21"><span class='ocrx_word' id='word_1_171' title='bbox 252 2782 333 2865; x_wconf 77' lang='lat'>(126)</span> <span class='ocrx_word' id='word_1_172' title='bbox 361 2781 542 2866; x_wconf 89' lang='lat' dir='ltr'>oppositum</span> <span class='ocrx_word' id='word_1_173' title='bbox 570 2784 627 2866; x_wconf 84' lang='lat' dir='ltr'>est)</span> <span class='ocrx_word' id='word_1_174' title='bbox 661 2801 881 2866; x_wconf 81' lang='lat' dir='ltr'>summamque</span> <span class='ocrx_word' id='word_1_175' title='bbox 904 2781 1135 2848; x_wconf 75' lang='lat' dir='ltr'>dubitationem</span> <span class='ocrx_word' id='word_1_176' title='bbox 1158 2780 1239 2846; x_wconf 91' lang='lat' dir='ltr'>illud</span> <span class='ocrx_word' id='word_1_177' title='bbox 1262 2789 1381 2863; x_wconf 86' lang='lat' dir='ltr'>movet,</span> 
     </span>
     <span class='ocr_line' id='line_1_25' title="bbox 246 2883 1387 2970; baseline 0.002 -20"><span class='ocrx_word' id='word_1_178' title='bbox 246 2883 331 2968; x_wconf 88' lang='lat' dir='ltr'>quod</span> <span class='ocrx_word' id='word_1_179' title='bbox 351 2884 428 2951; x_wconf 88' lang='lat' dir='ltr'>inde</span> <span class='ocrx_word' id='word_1_180' title='bbox 453 2885 494 2951; x_wconf 84' lang='lat' dir='ltr'>ub</span> <span class='ocrx_word' id='word_1_181' title='bbox 525 2888 587 2950; x_wconf 86' lang='lat'>800</span> <span class='ocrx_word' id='word_1_182' title='bbox 617 2905 669 2951; x_wconf 89' lang='lat' dir='ltr'>res</span> <span class='ocrx_word' id='word_1_183' title='bbox 698 2885 877 2970; x_wconf 82' lang='lat' dir='ltr'>exponitur,</span> <span class='ocrx_word' id='word_1_184' title='bbox 910 2905 974 2968; x_wconf 87' lang='lat' dir='ltr'>que</span> <span class='ocrx_word' id='word_1_185' title='bbox 1002 2904 1043 2952; x_wconf 81' lang='lat' dir='ltr'>ea</span> <span class='ocrx_word' id='word_1_186' title='bbox 1072 2904 1155 2967; x_wconf 83' lang='lat' dir='ltr'>quae</span> <span class='ocrx_word' id='word_1_187' title='bbox 1184 2884 1387 2969; x_wconf 79' lang='lat' dir='ltr'>praecedunt</span> 
     </span>
     <span class='ocr_line' id='line_1_26' title="bbox 246 2988 1386 3073; baseline 0 -21"><span class='ocrx_word' id='word_1_188' title='bbox 246 3009 309 3054; x_wconf 94' lang='lat' dir='ltr'>non</span> <span class='ocrx_word' id='word_1_189' title='bbox 331 2988 607 3068; x_wconf 78' lang='lat' dir='ltr'>constabiliuntur,</span> <span class='ocrx_word' id='word_1_190' title='bbox 637 2988 722 3072; x_wconf 85' lang='lat' dir='ltr'>quod</span> <span class='ocrx_word' id='word_1_191' title='bbox 747 2996 856 3054; x_wconf 89' lang='lat' dir='ltr'>temen</span> <span class='ocrx_word' id='word_1_192' title='bbox 885 2988 955 3054; x_wconf 89' lang='lat' dir='ltr'>fieri</span> <span class='ocrx_word' id='word_1_193' title='bbox 984 2995 1115 3073; x_wconf 89' lang='lat' dir='ltr'>propter</span> <span class='ocrx_word' id='word_1_194' title='bbox 1137 2988 1237 3054; x_wconf 85' lang='lat' dir='ltr'>verbe</span> <span class='ocrx_word' id='word_1_195' title='bbox 1266 2988 1386 3073; x_wconf 67' lang='lat' dir='ltr'>qusppe</span> 
     </span>
     <span class='ocr_line' id='line_1_27' title="bbox 245 3089 1385 3176; baseline 0.002 -20"><span class='ocrx_word' id='word_1_196' title='bbox 245 3091 357 3156; x_wconf 77' lang='lat' dir='ltr'>etenim</span> <span class='ocrx_word' id='word_1_197' title='bbox 372 3097 550 3176; x_wconf 86' lang='lat' dir='ltr'>exspectes.</span> <span class='ocrx_word' id='word_1_198' title='bbox 590 3092 704 3175; x_wconf 89' lang='lat' dir='ltr'>Neque</span> <span class='ocrx_word' id='word_1_199' title='bbox 720 3091 804 3157; x_wconf 90' lang='lat' dir='ltr'>enim</span> <span class='ocrx_word' id='word_1_200' title='bbox 826 3090 861 3155; x_wconf 93' lang='lat' dir='ltr'>id</span> <span class='ocrx_word' id='word_1_201' title='bbox 876 3091 1044 3176; x_wconf 81' lang='lat' dir='ltr'>accipiam,</span> <span class='ocrx_word' id='word_1_202' title='bbox 1064 3089 1150 3174; x_wconf 88' lang='lat' dir='ltr'>quod</span> <span class='ocrx_word' id='word_1_203' title='bbox 1165 3090 1385 3158; x_wconf 85' lang='lat' dir='ltr'>Reisockerns</span> 
     </span>
    </p>
   </div>
   <div class='ocr_carea' id='block_1_9' title="bbox 245 3193 1509 3280">
    <p class='ocr_par' dir='ltr' id='par_1_13' title="bbox 245 3193 1509 3280">
     <span class='ocr_line' id='line_1_28' title="bbox 245 3193 1509 3280; baseline -0.001 -19"><span class='ocrx_word' id='word_1_204' title='bbox 245 3214 381 3277; x_wconf 87' lang='lat' dir='ltr'>eumque</span> <span class='ocrx_word' id='word_1_205' title='bbox 425 3201 553 3260; x_wconf 84' lang='lat' dir='ltr'>secutus</span> <span class='ocrx_word' id='word_1_206' title='bbox 589 3196 799 3262; x_wconf 83' lang='lat' dir='ltr'>Neumnnnus</span> <span class='ocrx_word' id='word_1_207' title='bbox 836 3193 958 3280; x_wconf 81' lang='lat' dir='ltr'>opinati</span> <span class='ocrx_word' id='word_1_208' title='bbox 995 3201 1087 3276; x_wconf 86' lang='lat' dir='ltr'>sunt,</span> <span class='ocrx_word' id='word_1_209' title='bbox 1129 3196 1202 3258; x_wconf 83' lang='lat'>798.</span> <span class='ocrx_word' id='word_1_210' title='bbox 1243 3197 1263 3258; x_wconf 83' lang='lat'>9</span> <span class='ocrx_word' id='word_1_211' title='bbox 1309 3215 1384 3260; x_wconf 92' lang='lat' dir='ltr'>cum</span> <span class='ocrx_word' id='word_1_212' title='bbox 1508 3261 1509 3270; x_wconf 63' lang='grc'>,</span> 
     </span>
    </p>
   </div>
   <div class='ocr_carea' id='block_1_10' title="bbox 243 3291 1509 3694">
    <p class='ocr_par' dir='ltr' id='par_1_14' title="bbox 243 3291 1509 3694">
     <span class='ocr_line' id='line_1_29' title="bbox 245 3291 1509 3382; baseline 0.001 -20"><span class='ocrx_word' id='word_1_213' title='bbox 245 3300 371 3362; x_wconf 85' lang='grc'><strong>800-5</strong></span> <span class='ocrx_word' id='word_1_214' title='bbox 392 3297 632 3382; x_wconf 81' lang='lat' dir='ltr'>coniungendos</span> <span class='ocrx_word' id='word_1_215' title='bbox 655 3317 740 3364; x_wconf 83' lang='lat' dir='ltr'>esse.</span> <span class='ocrx_word' id='word_1_216' title='bbox 780 3298 863 3364; x_wconf 79' lang='lat' dir='ltr'>Nem</span> <span class='ocrx_word' id='word_1_217' title='bbox 886 3316 1000 3362; x_wconf 83' lang='lat' dir='ltr'>versus</span> <span class='ocrx_word' id='word_1_218' title='bbox 1024 3299 1149 3362; x_wconf 81' lang='lat' dir='ltr'>suo-5</span> <span class='ocrx_word' id='word_1_219' title='bbox 1172 3297 1206 3362; x_wconf 94' lang='lat' dir='ltr'>in</span> <span class='ocrx_word' id='word_1_220' title='bbox 1229 3313 1384 3363; x_wconf 77' lang='lat' dir='ltr'>essum·</span> <span class='ocrx_word' id='word_1_221' title='bbox 1508 3291 1509 3298; x_wconf 58' lang='lat'><em>&#39;</em></span> 
     </span>
     <span class='ocr_line' id='line_1_30' title="bbox 245 3399 1384 3487; baseline 0.001 -20"><span class='ocrx_word' id='word_1_222' title='bbox 245 3403 353 3487; x_wconf 89' lang='lat' dir='ltr'>ptione</span> <span class='ocrx_word' id='word_1_223' title='bbox 377 3438 415 3450; x_wconf 91' lang='lat'><em>-</em></span> <span class='ocrx_word' id='word_1_224' title='bbox 439 3422 521 3485; x_wconf 81' lang='lat' dir='ltr'>quoe</span> <span class='ocrx_word' id='word_1_225' title='bbox 544 3408 650 3468; x_wconf 90' lang='lat' dir='ltr'>utrum</span> <span class='ocrx_word' id='word_1_226' title='bbox 672 3403 741 3468; x_wconf 86' lang='lat' dir='ltr'>ioco</span> <span class='ocrx_word' id='word_1_227' title='bbox 764 3421 805 3466; x_wconf 87' lang='lat' dir='ltr'>nn</span> <span class='ocrx_word' id='word_1_228' title='bbox 828 3401 911 3468; x_wconf 83' lang='lat' dir='ltr'>serio</span> <span class='ocrx_word' id='word_1_229' title='bbox 933 3399 1040 3485; x_wconf 81' lang='lat' dir='ltr'>posite</span> <span class='ocrx_word' id='word_1_230' title='bbox 1062 3401 1121 3482; x_wconf 85' lang='lat' dir='ltr'>sit,</span> <span class='ocrx_word' id='word_1_231' title='bbox 1153 3399 1233 3466; x_wconf 90' lang='lat' dir='ltr'>nihil</span> <span class='ocrx_word' id='word_1_232' title='bbox 1257 3399 1300 3468; x_wconf 82' lang='lat' dir='ltr'>ad</span> <span class='ocrx_word' id='word_1_233' title='bbox 1322 3421 1384 3468; x_wconf 86' lang='lat' dir='ltr'>nos</span> 
     </span>
     <span class='ocr_line' id='line_1_31' title="bbox 243 3504 1380 3590; baseline -0.002 -18"><span class='ocrx_word' id='word_1_234' title='bbox 243 3506 433 3590; x_wconf 89' lang='lat' dir='ltr'>pertinet-</span> <span class='ocrx_word' id='word_1_235' title='bbox 444 3513 623 3586; x_wconf 83' lang='lat' dir='ltr'>versentur,</span> <span class='ocrx_word' id='word_1_236' title='bbox 640 3507 779 3572; x_wconf 81' lang='lat' dir='ltr'>animem</span> <span class='ocrx_word' id='word_1_237' title='bbox 795 3524 868 3571; x_wconf 87' lang='lat' dir='ltr'>esse</span> <span class='ocrx_word' id='word_1_238' title='bbox 878 3504 1110 3571; x_wconf 76' lang='lat' dir='ltr'>immortalem:</span> <span class='ocrx_word' id='word_1_239' title='bbox 1129 3523 1242 3570; x_wconf 86' lang='lat' dir='ltr'>versus</span> <span class='ocrx_word' id='word_1_240' title='bbox 1253 3505 1315 3568; x_wconf 81' lang='lat'>798</span> <span class='ocrx_word' id='word_1_241' title='bbox 1328 3523 1380 3588; x_wconf 84' lang='lat' dir='ltr'>sq.</span> 
     </span>
     <span class='ocr_line' id='line_1_32' title="bbox 243 3608 1193 3694; baseline -0.001 -22"><span class='ocrx_word' id='word_1_242' title='bbox 243 3627 318 3675; x_wconf 89' lang='lat' dir='ltr'>vero</span> <span class='ocrx_word' id='word_1_243' title='bbox 341 3609 531 3692; x_wconf 79' lang='lat' dir='ltr'>gravissime</span> <span class='ocrx_word' id='word_1_244' title='bbox 553 3609 737 3694; x_wconf 88' lang='lat' dir='ltr'>exprimunt</span> <span class='ocrx_word' id='word_1_245' title='bbox 758 3609 925 3674; x_wconf 81' lang='lat' dir='ltr'>mortalem</span> <span class='ocrx_word' id='word_1_246' title='bbox 947 3627 1019 3674; x_wconf 84' lang='lat' dir='ltr'>esse</span> <span class='ocrx_word' id='word_1_247' title='bbox 1041 3608 1193 3676; x_wconf 79' lang='lat' dir='ltr'>animem.</span> 
     </span>
    </p>
   </div>
   <div class='ocr_carea' id='block_1_11' title="bbox 314 3811 542 3882">
    <p class='ocr_par' dir='ltr' id='par_1_15' title="bbox 314 3811 542 3882">
     <span class='ocr_line' id='line_1_33' title="bbox 314 3811 542 3882; baseline -0.013 -14"><span class='ocrx_word' id='word_1_248' title='bbox 314 3817 330 3876; x_wconf 87' lang='grc' dir='ltr'>Ι)</span> <span class='ocrx_word' id='word_1_249' title='bbox 352 3811 413 3868; x_wconf 81' lang='lat' dir='ltr'>obs.</span> <span class='ocrx_word' id='word_1_250' title='bbox 432 3829 477 3882; x_wconf 81' lang='lat' dir='ltr'>pg.</span> <span class='ocrx_word' id='word_1_251' title='bbox 500 3817 542 3866; x_wconf 78' lang='lat' dir='ltr'>lt.</span> 
     </span>
    </p>
   </div>
   <div class='ocr_carea' id='block_1_12' title="bbox 243 3897 1507 4056">
    <p class='ocr_par' dir='ltr' id='par_1_16' title="bbox 243 3897 1507 4056">
     <span class='ocr_line' id='line_1_34' title="bbox 311 3897 1507 3970; baseline -0.001 -17"><span class='ocrx_word' id='word_1_252' title='bbox 311 3900 329 3963; x_wconf 71' lang='lat'>²1</span> <span class='ocrx_word' id='word_1_253' title='bbox 351 3899 506 3955; x_wconf 83' lang='lat' dir='ltr'>Neumeuni</span> <span class='ocrx_word' id='word_1_254' title='bbox 525 3901 711 3969; x_wconf 75' lang='lat' dir='ltr'>explicatione</span> <span class='ocrx_word' id='word_1_255' title='bbox 729 3900 854 3969; x_wconf 78' lang='lat' dir='ltr'>»scripsit</span> <span class='ocrx_word' id='word_1_256' title='bbox 871 3900 958 3968; x_wconf 79' lang='lat' dir='ltr'>igitur</span> <span class='ocrx_word' id='word_1_257' title='bbox 975 3902 1032 3954; x_wconf 79' lang='lat' dir='ltr'>sine</span> <span class='ocrx_word' id='word_1_258' title='bbox 1049 3917 1159 3969; x_wconf 75' lang='lat' dir='ltr'>corpore</span> <span class='ocrx_word' id='word_1_259' title='bbox 1175 3898 1232 3954; x_wconf 83' lang='lat' dir='ltr'>eolo</span> <span class='ocrx_word' id='word_1_260' title='bbox 1250 3912 1301 3966; x_wconf 93' lang='lat' dir='ltr'>pro</span> <span class='ocrx_word' id='word_1_261' title='bbox 1320 3897 1381 3952; x_wconf 73' lang='lat' dir='ltr'>nire</span> <span class='ocrx_word' id='word_1_262' title='bbox 1506 3959 1507 3970; x_wconf 44' lang='lat'>,</span> 
     </span>
     <span class='ocr_line' id='line_1_35' title="bbox 243 3978 1507 4056; baseline 0 -18"><span class='ocrx_word' id='word_1_263' title='bbox 243 4003 350 4055; x_wconf 76' lang='lat' dir='ltr'>corporo</span> <span class='ocrx_word' id='word_1_264' title='bbox 377 3986 491 4040; x_wconf 75' lang='lat' dir='ltr'>animali</span> <span class='ocrx_word' id='word_1_265' title='bbox 513 3986 558 4044; x_wconf 85' lang='lat' dir='ltr'>vel</span> <span class='ocrx_word' id='word_1_266' title='bbox 582 3987 639 4041; x_wconf 73' lang='lat' dir='ltr'>sim</span> <span class='ocrx_word' id='word_1_267' title='bbox 661 3993 732 4042; x_wconf 75' lang='lat' dir='ltr'>certo</span> <span class='ocrx_word' id='word_1_268' title='bbox 756 4004 802 4042; x_wconf 71' lang='lat' dir='ltr'>esso</span> <span class='ocrx_word' id='word_1_269' title='bbox 828 4003 952 4056; x_wconf 78' lang='lat' dir='ltr'>corpore,</span> <span class='ocrx_word' id='word_1_270' title='bbox 978 3990 1010 4040; x_wconf 90' lang='lat' dir='ltr'>ut</span> <span class='ocrx_word' id='word_1_271' title='bbox 1033 3985 1095 4040; x_wconf 84' lang='lat' dir='ltr'>sole</span> <span class='ocrx_word' id='word_1_272' title='bbox 1116 3985 1154 4039; x_wconf 88' lang='lat' dir='ltr'>slt</span> <span class='ocrx_word' id='word_1_273' title='bbox 1178 3983 1223 4040; x_wconf 87' lang='lat' dir='ltr'>vel</span> <span class='ocrx_word' id='word_1_274' title='bbox 1249 3983 1337 4038; x_wconf 84' lang='lat' dir='ltr'>libero</span> <span class='ocrx_word' id='word_1_275' title='bbox 1362 3999 1381 4038; x_wconf 83' lang='lat' dir='ltr'>e</span> <span class='ocrx_word' id='word_1_276' title='bbox 1506 3978 1507 4019; x_wconf 73' lang='lat' dir='ltr'>l</span> 
     </span>
    </p>
   </div>
   <div class='ocr_carea' id='block_1_13' title="bbox 241 4070 1380 4314">
    <p class='ocr_par' dir='ltr' id='par_1_17' title="bbox 241 4070 1380 4314">
     <span class='ocr_line' id='line_1_36' title="bbox 241 4070 1380 4142; baseline -0.003 -16"><span class='ocrx_word' id='word_1_277' title='bbox 241 4086 356 4142; x_wconf 87' lang='lat' dir='ltr'>corpore</span> <span class='ocrx_word' id='word_1_278' title='bbox 374 4072 498 4128; x_wconf 75' lang='lat' dir='ltr'>animali«</span> <span class='ocrx_word' id='word_1_279' title='bbox 516 4073 609 4129; x_wconf 87' lang='lat' dir='ltr'>verbis</span> <span class='ocrx_word' id='word_1_280' title='bbox 628 4073 771 4142; x_wconf 83' lang='lat' dir='ltr'>scriptoris</span> <span class='ocrx_word' id='word_1_281' title='bbox 788 4072 832 4127; x_wconf 88' lang='lat' dir='ltr'>vis</span> <span class='ocrx_word' id='word_1_282' title='bbox 847 4073 940 4127; x_wconf 69' lang='lat' dir='ltr'>efferri</span> <span class='ocrx_word' id='word_1_283' title='bbox 953 4070 1075 4136; x_wconf 83' lang='lat' dir='ltr'>videtur,</span> <span class='ocrx_word' id='word_1_284' title='bbox 1095 4070 1380 4140; x_wconf 66' lang='lat' dir='ltr'>praeterquamquod</span> 
     </span>
     <span class='ocr_line' id='line_1_37' title="bbox 242 4155 1380 4228; baseline -0.003 -16"><span class='ocrx_word' id='word_1_285' title='bbox 242 4172 342 4228; x_wconf 85' lang='lat' dir='ltr'>corpus</span> <span class='ocrx_word' id='word_1_286' title='bbox 359 4173 393 4214; x_wconf 87' lang='lat' dir='ltr'>eo</span> <span class='ocrx_word' id='word_1_287' title='bbox 412 4158 473 4214; x_wconf 87' lang='lat' dir='ltr'>loeo</span> <span class='ocrx_word' id='word_1_288' title='bbox 491 4175 546 4213; x_wconf 93' lang='lat' dir='ltr'>non</span> <span class='ocrx_word' id='word_1_289' title='bbox 564 4158 683 4213; x_wconf 81' lang='lat' dir='ltr'>enimule</span> <span class='ocrx_word' id='word_1_290' title='bbox 701 4163 809 4214; x_wconf 84' lang='lat' dir='ltr'>tuntum</span> <span class='ocrx_word' id='word_1_291' title='bbox 828 4169 929 4227; x_wconf 89' lang='lat' dir='ltr'>corpus</span> <span class='ocrx_word' id='word_1_292' title='bbox 947 4155 1099 4226; x_wconf 76' lang='lat' dir='ltr'>significet,</span> <span class='ocrx_word' id='word_1_293' title='bbox 1120 4155 1171 4210; x_wconf 87' lang='lat' dir='ltr'>sed</span> <span class='ocrx_word' id='word_1_294' title='bbox 1190 4169 1298 4210; x_wconf 86' lang='lat' dir='ltr'>omnem</span> <span class='ocrx_word' id='word_1_295' title='bbox 1317 4169 1380 4209; x_wconf 76' lang='lat' dir='ltr'>ma·</span> 
     </span>
     <span class='ocr_line' id='line_1_38' title="bbox 242 4243 1154 4314; baseline -0.001 -17"><span class='ocrx_word' id='word_1_296' title='bbox 242 4245 348 4307; x_wconf 82' lang='lat' dir='ltr'>teriam,</span> <span class='ocrx_word' id='word_1_297' title='bbox 369 4259 485 4314; x_wconf 81' lang='lat' dir='ltr'>quacum</span> <span class='ocrx_word' id='word_1_298' title='bbox 504 4246 623 4300; x_wconf 77' lang='lat' dir='ltr'>animum</span> <span class='ocrx_word' id='word_1_299' title='bbox 642 4245 821 4300; x_wconf 88' lang='lat' dir='ltr'>coniunctum</span> <span class='ocrx_word' id='word_1_300' title='bbox 839 4257 903 4299; x_wconf 87' lang='lat' dir='ltr'>esse</span> <span class='ocrx_word' id='word_1_301' title='bbox 920 4243 1038 4312; x_wconf 78' lang='lat' dir='ltr'>eogltori</span> <span class='ocrx_word' id='word_1_302' title='bbox 1056 4244 1154 4310; x_wconf 86' lang='lat' dir='ltr'>possit.</span> 
     </span>
    </p>
   </div>
   <div class='ocr_carea' id='block_1_14' title="bbox 0 0 1522 4896">
    <p class='ocr_par' dir='ltr' id='par_1_18' title="bbox 0 0 1522 4896">
     <span class='ocr_line' id='line_1_39' title="bbox 0 0 1522 4896; baseline 0 4"><span class='ocrx_word' id='word_1_303' title='bbox 0 0 1522 4896; x_wconf 95' lang='lat' dir='ltr'> </span> 
     </span>
    </p>
   </div>
  </div>
 </body>
</html>
