3034 4896
721 301 940 362 ..24-

262 485 411 551 similiter
432 483 559 550 videtur
587 485 690 552 editor
717 487 839 570 egisse,
872 507 943 552 curn
973 507 1015 552 ex
1044 486 1191 553 versibus
1214 488 1386 551 ets-'531

261 609 387 671 quoque
410 607 508 654 causa
530 589 632 673 petita
655 590 714 670 sit,
741 611 798 656 our
820 593 948 654 bit-8
971 597 1007 655 ut
1029 590 1189 656 emblema
1211 589 1394 657 secludeudi

262 698 384 771 essent,
402 691 603 758 occasionem
619 692 660 758 de
675 694 742 759 illis
756 693 903 759 versibus
919 693 1047 758 dicendi
1060 700 1165 778 capto.
1198 695 1301 776 Atque
1314 702 1393 758 recte

262 795 487 860 Lachmanuus
510 795 600 874 dixit,
627 796 674 861 »si
698 796 830 862 formam
854 817 893 862 ao
909 797 1038 862 vincula
1053 796 1207 862 orationis
1221 797 1394 880 respicere—

262 917 343 978 mus,
370 904 426 962 aut
448 917 561 962 versus
577 900 704 962 ott—8
721 917 892 982 superesse
907 905 963 964 aut
979 901 1153 964 529—31«.
1194 900 1307 982 Itaque
1326 919 1393 964 cum

263 998 440 1065 offensione
461 999 530 1082 illa,
557 1019 640 1082 quae
662 1019 704 1066 ex
727 1000 915 1084 repetitione
938 1021 1087 1066 versuum

370 1103 456 1186 qaod
476 1102 622 1185 quonium
644 1103 744 1177 docui,
767 1125 900 1188 perpura
922 1113 1080 1168 conectere
1101 1125 1167 1167 retro
1191 1127 1271 1188 quae

371 1227 409 1267 ea
431 1203 493 1290 boc
510 1213 588 1287 opta
596 1204 699 1288 fidem
722 1205 826 1286 dmat,
846 1205 1027 1288 primordob
1047 1227 1153 1269 reram

262 1307 434 1386 oriebatur,
451 1313 571 1372 remota
588 1310 714 1372 {rw-8
726 1308 760 1372 in
774 1307 832 1372 ille
847 1305 888 1374 de
903 1307 1147 1392 primordiorum
1164 1308 1273 1373 formis
1285 1307 1396 1392 dispo*

264 1409 382 1474 tatione
394 1408 513 1473 iustum
529 1409 634 1474 locum
656 1415 768 1476 tenere
787 1409 1082 1492 demonstraverim,
1098 1411 1240 1492 sequitur
1252 1413 1392 1474 sas-31
1501 1409 1503 1448 ³

263 1510 314 1575 bic
339 1511 465 1602 spurios
488 1530 571 1576 esse.
618 1511 771 1595 Idemque
793 1511 1010 1596 adsequimur,
1038 1513 1066 1578 si
1087 1513 1194 1598 ipsum
1217 1533 1326 1590 eorum
1346 1533 1398 1577 ar-

262 1621 449 1696 gumentum
472 1613 724 1680 consideramus.
768 1614 938 1682 Profitetur
959 1616 1044 1681 enim
1067 1623 1162 1700 poeta
1183 1617 1232 1683 eis
1254 1617 1398 1682 'versibus

264 1737 299 1782 se
333 1723 530 1783 ostentorum
559 1735 648 1798 esse,
682 1717 855 1802 primordia
887 1737 928 1783 ex
956 1717 1079 1784 infinito
1109 1739 1265 1784 summum
1297 1739 1399 1785 rerum

186 1895 195 1912 ,
264 1825 373 1885 tenere
395 1819 536 1901 undique
558 1820 681 1903 protelo
709 1821 878 1905 plagarum
910 1821 1103 1887 continuato.
1151 1821 1243 1900 Quod
1271 1822 1312 1886 ab
1343 1821 1399 1886 hoc

263 1925 333 1988 loco
361 1923 500 1988 alienum
530 1942 603 1988 esse
633 1923 801 2004 concedet,
836 1925 1028 2007 quicumque
1054 1924 1170 1991 viderit
1197 1925 1273 1991 inde
1295 1945 1317 1990 a
1339 1928 1399 1990 532

264 2045 365 2110 usqne
388 2026 430 2091 ad
453 2029 515 2090 568
538 2033 666 2110 poetam
688 2028 867 2092 accuratius
890 2027 1050 2109 inquirere
1065 2029 1098 2093 in
1114 2049 1185 2093 earu
1201 2049 1278 2110 reru,
1305 2049 1399 2110 quarn

264 2137 339 2194 ante
369 2128 593 2194 contenderat:
631 2128 805 2213 primordia
838 2129 936 2194 simili
958 2130 1074 2214 'figura
1102 2131 1245 2215 perfecta
1273 2130 1399 2196 infinita

265 2232 382 2312 cluere,
409 2250 472 2295 non
494 2230 528 2294 in
550 2229 599 2294 id:
626 2231 660 2295 in
682 2230 865 2296 universum
887 2232 1131 2316 primordiorum
1147 2233 1303 2299 sbmmam
1326 2253 1398 2300 esse

265 2333 424 2398 infinitam
452 2332 519 2409 (cfr.
545 2335 619 2396 567.
646 2334 664 2396 8

376 2457 442 2498 esce
464 2435 562 2519 dpo'tar
582 2457 730 2519 qaaere
752 2435 792 2498 in
815 2436 959 2520 qrtooic
976 2436 1157 2519 primordio
1178 2459 1283 2502 recum

375 2536 499 2618 infinito
517 2538 686 2620 palamst),

267 2659 371 2722 neque
390 2640 424 2704 in
440 2640 487 2705 eis
503 2640 650 2705 versibus
665 2641 833 2724 plagarum
850 2641 968 2706 mentio
984 2640 1030 2705 fit.
1061 2641 1162 2724 quue
1178 2642 1243 2707 iam
1259 2642 1401 2707 (lassen-

266 2743 342 2808 dum
365 2742 568 2826 perspexisse
590 2743 816 2808 Lachmannus
839 2743 884 2807 ita
907 2751 1032 2824 narrat,
1059 2750 1094 2808 ut
1120 2744 1151 2809 ei
1173 2744 1397 2828 adstipuletur.

264 2847 387 2911 Neutra
402 2864 478 2911 vero
494 2841 602 2910 eardrn
621 2846 788 2918 rationum,
808 2846 923 2929 quibus
939 2846 1000 2911 viri
1015 2845 1102 2911 dooti
1115 2847 1187 2911 illos
1203 2865 1315 2912 versus
1331 2855 1403 2930 post

265 2951 392 3012 att—9
415 2967 544 3014 servare
567 2954 771 3032 temptarunt,
799 2947 878 3014 satis
905 2949 1112 3033 probabiliter
1134 2949 1316 3032 excogitata
1339 2956 1399 3014 cst.

264 3049 418 3114 Nonnulli
441 3050 541 3127 enim,
567 3058 602 3114 ut
624 3050 839 3134 Bernaysius,
870 3051 1117 3134 Purmaunus¹],
1150 3051 1297 3132 Pollins²l
1328 3059 1401 3116 ante
1502 3121 1503 3152 ζ

266 3156 328 3216 529
358 3154 505 3217 lacunam
535 3158 723 3232 statuerunt,
753 3153 787 3217 in
810 3173 884 3234 qua,
910 3160 947 3218 ut
968 3154 1089 3237 opinor,
1115 3173 1265 3236 generum
1289 3154 1401 3237 singn—
1502 3159 1503 3168 ’

264 3256 367 3320 lorum
383 3253 646 3337 significationem
662 3254 738 3319 olim
753 3254 889 3320 infuisse
905 3255 1119 3340 suspicantur.
1144 3258 1187 3321 At
1199 3266 1233 3321 ut
1244 3257 1398 3330 omittam,

265 3357 312 3422 sic
334 3376 463 3422 versum
486 3359 544 3420 531
579 3374 708 3440 prorsus
731 3355 926 3441 superfluum
953 3357 1094 3423 futurum
1120 3358 1230 3438 fnisse,
1257 3361 1402 3425 versibus

266 3462 393 3524 ets-8
411 3459 489 3525 satis
512 3459 763 3525 demonstratum
786 3467 855 3524 erat
875 3460 1026 3526 similium
1042 3461 1214 3527 formarum
1230 3463 1403 3548 primordia

267 3582 339 3628 esse
354 3561 492 3644 infinita,
512 3571 546 3627 ut
561 3570 674 3646 poetae
689 3562 769 3627 nibil
792 3561 1010 3629 demonstrare
1030 3573 1215 3648 superesset
1230 3564 1292 3629 nisi
1308 3586 1351 3630 ne
1366 3585 1402 3630 eo

265 3665 395 3749 quidem
418 3686 509 3732 snam
532 3665 726 3731 senteutiam
748 3665 946 3745 labefactari,
973 3665 1057 3749 quod
1075 3666 1233 3749 quaedam
1249 3667 1403 3732 animalia
1502 3715 1503 3726 ,

267 3791 341 3835 rara
356 3777 473 3836 essent.
513 3769 614 3833 Aliter
629 3787 732 3849 neque
751 3767 969 3852 imprudenter
984 3769 1148 3834 Munroius
1163 3789 1275 3834 versus
1292 3769 1329 3834 in
1344 3771 1403 3836 hoo

266 3879 415 3938 contextu
444 3871 581 3936 retinere
611 3877 744 3935 conatus
767 3877 834 3949 est,
859 3891 931 3936 cunr
953 3872 1021 3936 solo
1045 3873 1216 3936 ostendam
1241 3872 1275 3937 in
1297 3881 1401 3936 osten-

1488 153 1496 269 i

1393 411 1398 422 ,
1488 324 1496 409 ι

266 3977 357 4038 deno
375 3980 495 4039 mutato
507 3973 548 4038 ad
559 3972 603 4051 id,
615 3971 700 4054 quod
708 3973 878 4052 antecedit,
896 3976 976 4056 [528]
990 3974 1117 4058 r'clquod
1126 3997 1260 4038 accerse
1266 3974 1405 4058 produci
1502 4071 1503 4074 Ἴ

338 4201 353 4260 ¹}
376 4203 484 4266 quaest.
506 4196 630 4250 Louban.
652 4193 687 4260 11,
711 4197 733 4246 5.
806 4197 824 4259 2'21
848 4195 983 4264 Philolog.
1005 4197 1109 4263 XXVI,
1130 4199 1187 4249 318.
