2998 4896
594 380 637 390 -
684 342 780 425 [213]
805 263 867 388 .-
1264 345 1307 409 ce

248 532 286 598 In
309 557 336 600 v.
360 535 424 599 549
449 527 669 622 ἀνδρειοτάτη
692 559 730 601 ex
756 537 919 602 Athenaeo
932 539 956 624 ¹)
981 537 1080 604 Suida
1103 539 1308 626 Eustathio²)

155 649 288 706 auctore
311 641 448 726 Reisigio
472 665 529 726 pro
553 635 804 727 ἀνδρειοτάτων
832 645 975 711 codicum
1005 646 1309 730 Aristophaneorum

155 749 340 813 restitutum
365 754 421 813 est.

251 853 406 918 Versuum
436 855 499 920 704
525 857 588 920 705
617 856 731 921 Suidas
760 857 838 922 duas
867 858 995 924 exhibet
1018 859 1148 936 formas,
1176 859 1309 924 alteram

156 983 181 1024 s
203 961 243 1043 gl.
271 962 473 1046 Ψηφοφορία

295 1060 397 1151 Κσάχὶ
419 1060 464 1154 μὴ
486 1065 663 1156 παύσησθε
687 1077 757 1134 τῶν
782 1069 1006 1157 ψηφισμάτων
1029 1074 1111 1158 πρὶν
1136 1065 1178 1137 άν

293 1180 354 1237 τοῦ
378 1173 516 1252 σκέλους
539 1167 652 1254 λαβών
678 1166 759 1258 ὑμᾶς
782 1199 831 1252 τις
855 1175 1072 1264 ἐκτραχηλίσῃ
1097 1177 1210 1242 θέλων
1222 1182 1257 1264 ³).

248 1281 404 1346 Omissum
435 1303 510 1364 orgo
538 1288 607 1346 erut
633 1289 669 1346 ut
698 1283 730 1346 in
758 1282 798 1345 R⁰
826 1284 871 1347 sic
899 1285 931 1346 iu
955 1283 1071 1349 Suirhre
1095 1284 1177 1350 libro
1200 1308 1309 1351 menu-

154 1389 277 1470 scripto
296 1383 439 1466 τούτων,
464 1393 496 1451 et
515 1380 629 1468 λαβών
650 1380 731 1472 ὑμᾶς
750 1411 799 1464 τις
807 1389 834 1473 ⁴)
859 1391 980 1473 puriter
998 1397 1093 1474 atque
1117 1393 1150 1454 in
1173 1390 1213 1455 ΙΙθ
1237 1414 1309 1458 exa·

155 1501 264 1558 rutum
298 1499 375 1558 eret
439 1493 487 1558 Ex
524 1496 681 1580 scriptura
713 1494 827 1560 θέλων
859 1503 966 1562 autem
1000 1495 1160 1564 Bentleius
1193 1497 1309 1564 θένων

153 1597 359 1664 efficiendum
383 1621 449 1666 esse
474 1601 604 1678 monuit,
628 1602 807 1684 quodcum
830 1601 871 1668 ed
895 1601 989 1668 huius
1012 1605 1125 1669 cantici
1147 1605 1309 1688 ingenium

154 1706 269 1770 melius
298 1707 455 1788 quadrare
483 1707 647 1774 uideretur
674 1730 768 1790 quam
796 1709 883 1774 mitis
910 1709 967 1774 illa
994 1731 1055 1774 uox
1082 1710 1196 1796 φέρων
1220 1713 1307 1778 codi-

152 1833 237 1888 cum,
260 1821 292 1878 et
316 1813 485 1896 probatum
508 1819 557 1878 est
580 1814 720 1880 Porseno
744 1821 775 1879 et
798 1821 959 1900 receptum
982 1838 1002 1880 a
1024 1817 1141 1883 Bothio
1166 1840 1223 1882 uec
1245 1841 1307 1882 uon

152 1919 282 2002 Engero
305 1921 422 1986 arrisit.
469 1920 708 1987 Alteruautem
732 1923 847 1989 horum
869 1945 1018 1990 uersuum
1041 1923 1143 1989 forme

290 2037 332 2109 σά
354 2036 398 2131 μὴ
421 2040 596 2132 παύσησθε
623 2053 693 2108 τῶν
715 2042 952 2132 ψηφισμάτων,
976 2048 1057 2130 πρὶν
1081 2039 1123 2112 άν

294 2144 375 2236 ὑμᾶς
399 2159 460 2216 τοῦ
486 2151 624 2228 σκέλους
647 2148 762 2232 λαβών
785 2176 835 2230 τις
859 2151 1085 2239 ἐκτραχηλίσῃ,

152 2297 289 2359 qnorum
314 2275 482 2341 uerborum
505 2277 663 2360 principio
681 2278 861 2343 trimetrum
880 2276 1049 2342 iambicum
1068 2278 1307 2362 lexicographus

151 2383 320 2448 affectasse
339 2384 475 2458 uidetur,
498 2384 591 2448 simul
611 2384 859 2449 luculentissime
877 2391 1019 2467 apparet,
1038 2389 1157 2468 quante
1175 2384 1307 2450 libidine

151 2497 338 2574 quantaque
373 2490 495 2555 incuria
528 2489 642 2556 Suides
678 2499 792 2574 poetae
825 2492 935 2557 comici
968 2513 1078 2556 uorsus
1110 2493 1144 2556 in
1175 2491 1308 2558 schedas

151 2597 414 2680 transsumpserit
438 2605 470 2661 et
493 2597 526 2660 iu
549 2598 712 2664 condendo
736 2598 836 2664 lexico
860 2599 1054 2664 tracteuerit.

247 2809 305 2872 His
328 2809 427 2891 igitur
455 2809 605 2893 exemplis
633 2833 671 2874 ex
695 2811 885 2894 Lysistratus,
913 2813 1002 2876 cuins
1029 2811 1157 2876 fabulae
1180 2811 1308 2874 omnino

150 2936 266 2980 uersus
295 2914 360 2978 274
385 2915 416 2979 h,
440 2936 466 2980 e.
490 2917 603 2998 quinte
630 2918 697 2982 iere
725 2918 823 2983 tetius
850 2919 1031 2984 comoediae
1057 2939 1132 3002 pers
1159 2919 1307 2993 citantur,

150 3022 289 3105 prolatis
313 3028 345 3085 et
368 3021 493 3086 collatis
516 3025 682 3106 scripturis
706 3023 855 3089 Suidsuis
879 3047 951 3088 curn
972 3025 1115 3088 codicum
1138 3022 1307 3105 generibus

148 3129 180 3193 R
208 3135 244 3192 et
271 3126 389 3194 Boin
412 3129 556 3193 uidemus
583 3131 625 3194 sd
651 3137 798 3196 neutram
821 3131 963 3196 codicum
986 3130 1140 3196 familiam
1162 3151 1215 3194 eas
1239 3149 1307 3194 esse

148 3233 353 3311 referendas,
375 3235 431 3300 sed
454 3238 546 3300 utin
570 3236 740 3319 Equitibus
762 3237 899 3319 probare
926 3237 1031 3302 consti
1059 3257 1175 3314 sumus,
1199 3238 1306 3320 singu-

147 3343 229 3406 laris
258 3343 401 3406 codicum
429 3341 568 3408 familiae
593 3345 684 3425 qussi
711 3345 869 3425 specimen
898 3343 994 3408 fuisse
1021 3343 1138 3408 Suidee
1166 3345 1306 3408 codicem

148 3449 197 3514 XI
232 3447 412 3514 fabularum
441 3449 675 3533 Aristophanis,
707 3450 852 3532 quamuis
880 3451 912 3514 in
941 3450 1119 3534 Lysistrate
1146 3449 1306 3514 Suidause

147 3555 307 3620 lectiones
329 3557 459 3638 propius
482 3577 503 3620 u
525 3557 565 3619 ΙΙθ
589 3543 681 3640 ciuem
704 3578 725 3620 a
747 3555 865 3621 BOLA
889 3557 1002 3621 absint.

227 3753 247 3814 ¹2·
267 3749 315 3802 lib.
335 3750 385 3814 ΙΙΙ,
406 3767 450 3819 pg.
470 3751 513 3806 90.

224 3839 248 3900 ⁵)
267 3838 304 3890 ed
322 3837 371 3892 Od.
392 3855 437 3908 pg.
460 3840 535 3904 1485,
556 3840 599 3894 40.

224 3927 247 3974 ³1
268 3922 469 3996 ἐκιραχηλλσαι
490 3925 586 3982 θέλων
605 3927 682 3982 CBE.

224 4017 247 4072 *Ι
266 4016 336 4069 haec
351 4015 491 4084 scripture
505 4033 555 4085 pro
571 4011 642 4083 ὑμᾶς
656 4012 753 4088 λαβών
768 4035 809 4080 τις
827 4017 950 4072 codicum
963 4017 1039 4070 Bon
1050 4019 1166 4087 probata
1178 4017 1304 4072 Bentleie

146 4107 275 4159 Por-sono
295 4103 421 4158 Dobrneo
441 4104 904 4175 confirmeturentistrophe(681t
925 4101 1143 4176 ἐγκαθαρμόσαι
1164 4103 1304 4177 λαβόντας

145 4194 267 4248 τουτονὶ
287 4185 340 4246 τὸν
358 4187 471 4262 αι’·χὲνα.
