3048 4898
235 1220 423 1302 „feraciter
451 1216 469 1288 ὁ
499 1222 675 1310 ζωγράφος
703 1221 824 1310 ἔγραψε
855 1218 915 1291 τὸν
942 1226 1003 1310 μὲν
1020 1217 1163 1314 Ὅμηρον
1187 1221 1292 1294 odron

140 1329 306 1414 ἐμοῦντα,
338 1322 418 1408 τοὺς
451 1324 484 1396 d'
512 1328 634 1409 ἄλλους
661 1325 802 1418 ποιητὰς
830 1323 871 1397 τὰ
900 1331 1105 1420 ἐμημεσμὲνα
1133 1327 1292 1420 dputepe'-

139 1443 245 1512 νους“
265 1437 450 1523 Aelianus1)
469 1444 587 1504 narret.
625 1439 733 1522 Imago
752 1439 934 1504 foedissime
956 1445 989 1506 et
1011 1440 1104 1506 nimis
1123 1441 1156 1505 in
1179 1441 1292 1506 falsum

138 1551 250 1618 ancta,
278 1563 468 1626 quamquam
496 1546 561 1609 veri
590 1546 710 1628 aliquid
740 1546 785 1610 rei
813 1545 928 1611 subest.
978 1539 1060 1612 Nem
1088 1568 1127 1612 ex
1154 1547 1292 1612 Homero

138 1657 295 1733 tanquam
319 1672 336 1713 e
359 1649 447 1716 fonte
469 1653 600 1734 perenni
624 1673 731 1716 omnes
755 1651 821 1716 fere
844 1659 957 1734 poetae
976 1652 1089 1718 Graeci
1108 1653 1291 1719 hauserunt.

139 1756 232 1834 Quae
259 1759 365 1834 „Xlog
398 1751 508 1820 ἔειπεν
541 1749 655 1842 ᾰνήρ“,
690 1779 771 1840 qnae
799 1749 952 1844 ,jbpppog
981 1751 1070 1824 decos
1098 1764 1221 1840 rante&
1254 1783 1293 1826 ee

137 1861 291 1946 pulchra,
313 1883 352 1926 ea
375 1862 551 1928 imitatione
573 1865 671 1947 digna
694 1871 793 1942 erant,
818 1872 850 1929 et
873 1866 983 1947 optimi
1008 1873 1118 1950 poetae
1142 1870 1171 1932 ei
1195 1867 1291 1932 habe·

139 1969 275 2046 bantnr,
307 1971 361 2051 qni
395 1961 548 2056 ὁμηρικοὶ
581 1977 692 2036 essent.
743 1971 809 2035 Nee
841 1971 941 2035 solnm
974 1973 1133 2054 ingenium
1161 1973 1291 2038 Homeri

137 2081 256 2160 poetae
280 2075 393 2140 Graeci
422 2077 509 2159 seqni
537 2076 721 2154 studebant,
749 2077 806 2142 sed
833 2078 930 2141 etiam
954 2099 1051 2162 genus
1074 2081 1141 2145 eius
1164 2080 1291 2146 dicendi

137 2184 223 2247 adeo
246 2183 289 2246 ad
312 2183 499 2248 imitandum
523 2183 585 2248 sibi
607 2181 835 2266 proponebant,
858 2190 894 2247 ut
917 2190 950 2248 et
967 2185 1156 2252 Boeotorum
1175 2193 1207 2252 ot
1225 2208 1291 2252 om-

138 2293 218 2354 nino
247 2291 354 2355 omnia
380 2289 707 2373 posterioris-aetatis
730 2289 871 2354 carmina
893 2291 983 2373 spica
1006 2291 1135 2358 Homeri
1158 2292 1292 2374 vestigia

137 2402 252 2462 secuta
280 2397 384 2478 sint.²)
429 2395 552 2460 Similia
574 2403 681 2461 antem
704 2398 744 2462 de
768 2418 805 2462 eo
827 2399 932 2480 poesis
956 2420 1083 2482 genere,
1111 2399 1195 2484 qnod
1218 2421 1291 2481 pro·

137 2505 225 2568 xime
248 2503 371 2568 accedit
394 2503 435 2566 ad
458 2525 583 2569 carmen
603 2503 774 2581 heroicum,
797 2505 836 2568 de
860 2504 1000 2588 elegiaca
1021 2506 1106 2588 poesi
1132 2505 1195 2570 dici
1218 2528 1291 2588 pos-

137 2617 224 2674 sunt
281 2611 368 2689 Quae
405 2631 474 2674 eum
507 2610 540 2673 in
573 2610 692 2675 eisdem
723 2610 790 2676 lere
822 2610 1017 2694 regionibns,
1055 2612 1169 2694 quibus
1202 2614 1292 2695 epioe

137 2697 246 2800 poesis
269 2717 403 2781 maxime
425 2715 574 2792 florebat,
597 2722 668 2782 ertit
691 2725 786 2793 esset,
810 2725 842 2782 et
865 2739 935 2782 oum
960 2726 1093 2782 metrum
1117 2718 1291 2800 elegiacum

137 2821 180 2886 ab
221 2822 348 2886 heroico
386 2824 538 2905 originem
571 2824 769 2910 traxisset‚³)
806 2831 917 2907 poetas
950 2824 1104 2908 elegiacos
1136 2826 1291 2890 suadente

138 2931 212 3012 ipsa
239 2929 333 2992 metri
360 2929 547 2994 necessitate
576 2931 668 2994 initio
695 2931 823 3014 quidem
846 2931 955 3008 simili,
983 2951 1022 2994 ne
1046 2931 1148 2995 dicem
1172 2931 1291 3008 eodem,

137 3033 269 3099 dicendi
297 3055 411 3116 genere
438 3041 535 3117 atrine
563 3035 735 3100 Homerum
762 3057 836 3102 usos
863 3059 931 3102 esse
959 3057 997 3100 ex
1022 3035 1135 3100 Callini
1163 3037 1291 3120 potissi-

136 3163 227 3205 mum
260 3148 293 3204 et
320 3140 446 3224 Tyrtaei
474 3142 616 3226 reliqniis
643 3144 787 3226 intellegi
814 3149 932 3227 potest,
965 3165 1097 3227 quornm
1124 3144 1290 3226 utriusque

136 3247 246 3331 poesis
271 3253 339 3312 tota
362 3247 426 3312 lere
448 3250 565 3332 pendet
589 3271 626 3314 ex
650 3249 828 3316 Homerica
874 3251 941 3314 Nec
964 3252 1088 3325 mirum,
1113 3271 1186 3314 nam
1210 3272 1291 3335 quno

136 3375 239 3437 supra
262 3353 303 3417 de
321 3352 449 3422 Homeri
473 3355 651 3420 imitatione
675 3357 820 3433 diximus,
843 3357 911 3422 fere
934 3356 974 3420 de
994 3357 1079 3419 omni
1098 3356 1291 3422 Graecorum

137 3461 229 3545 poesi
258 3460 292 3523 in
319 3460 499 3525 universnm
525 3460 588 3524 dici
611 3468 756 3544 possunt,
783 3468 880 3546 atque
903 3463 995 3544 longe
1018 3461 1131 3528 eberat
1153 3469 1190 3528 nt
1212 3465 1289 3546 „ipsi

135 3565 200 3632 sibi
240 3565 401 3648 exempla“
438 3572 543 3641 esseut
578 3573 700 3649 poetae,
737 3568 845 3645 immo,
882 3590 963 3653 quae
999 3569 1056 3633 alii
1092 3569 1222 3653 pulchre
1259 3575 1292 3633 et

134 3673 270 3756 egregie
297 3671 464 3749 dixissent,
492 3693 530 3737 ca
553 3694 610 3738 sne
633 3673 736 3739 fucere
759 3696 816 3740 nec
838 3683 951 3758 poetae
975 3674 1167 3740 dubitabant
1190 3695 1290 3758 noque

231 3905 253 3967 ¹)
272 3901 334 3956 Ael.
354 3918 377 3954 v.
398 3903 425 3955 h.
445 3903 521 3966 XIII,
541 3905 583 3957 22.

230 3993 253 4048 ’l
272 3991 323 4044 cfr.
342 3989 480 4060 Zingerle,
499 4009 533 4045 zu
551 3997 681 4061 spttereu
701 3991 749 4046 lot.
769 3991 896 4047 ‹lichtem
916 4010 942 4061 p.
962 3994 1006 4048 97.

230 4081 252 4136 θ)
272 4080 322 4134 eIr.
342 4079 483 4134 Rossbach
507 4081 561 4136 nnd
580 4081 740 4150 Westphnl,
763 4081 866 4149 grieob.
891 4081 993 4136 metrlk
1013 4081 1061 4145 11²,
1086 4098 1110 4150 p.
1131 4083 1194 4136 351:
1223 4081 1290 4144 „des

133 4163 368 4227 aliculehtische
386 4171 565 4225 hexametros
585 4169 656 4224 wlrd
672 4169 722 4223 mit
737 4169 827 4224 einem
843 4170 1097 4225 dikstalektischen
1113 4171 1288 4223 hexametros

135 4259 312 4315 verbunden.
350 4257 388 4312 Zn
414 4259 467 4312 den
487 4258 587 4312 beiden
607 4258 850 4314 nkntalektischen
870 4258 1009 4328 tripodien
1028 4258 1077 4312 des
1097 4257 1289 4312 hexametrons

133 4359 230 4407 treten
250 4346 373 4404 namlich
392 4348 460 4403 zuei
479 4349 686 4404 kstalektische
705 4347 844 4420 trIpodien
864 4347 906 4402 als
924 4347 1036 4404 zneiter
1056 4360 1117 4399 vers
1135 4344 1244 4402 hiezn.“
