3010 4896
507 331 548 342 -
596 293 692 380 [rao]
740 329 781 342 -
1172 291 1217 360 aa

33 535 38 544 .
91 485 122 552 dc
147 487 247 572 prima
277 490 333 555 illa
362 490 520 576 legatione
553 491 637 556 idem
664 489 762 556 refert
793 513 831 558 ac
857 491 980 575 Lysias,
1007 491 1218 556 Theramenes

89 597 197 674 educit
219 603 255 662 ut
278 598 318 663 od
341 597 538 683 Lysandrum
561 600 716 676 mittatur,
739 599 824 684 apud
847 620 941 683 quem
963 619 1020 682 per
1044 604 1108 664 tres
1130 621 1218 664 men-

89 723 129 766 ses
148 725 183 768 ac
206 705 325 771 diutius
347 711 488 772 moratus
511 728 546 770 re
570 705 688 771 irrieota
711 706 803 784 redit,
831 705 946 772 deinde
969 727 1051 772 nova
1072 706 1218 772 contione

88 809 184 876 habita
207 813 273 897 ipse
297 835 367 878 cum
389 835 500 880 novem
522 813 595 880 aliis
617 813 740 897 legatus
759 811 907 898 Spartam
929 814 1076 880 mittitur.
1122 811 1219 878 Errat

89 918 174 1000 igitur
196 919 319 1004 Lysias,
347 941 417 986 cum
445 922 542 988 semel
565 921 793 988 Tberamenem
819 920 960 1006 legatum
983 942 1051 988 esse
1079 924 1219 986 creatum

90 1023 284 1111 Spartamque
307 1029 416 1094 statim
444 1029 574 1096 missum
601 1029 709 1116 ibique
732 1030 788 1096 diu
815 1034 973 1095 versatum
1002 1049 1069 1096 esse
1097 1033 1220 1102 narrat;

89 1141 187 1200 contra
208 1135 392 1220 Xenophon,
414 1136 469 1221 qui
492 1137 670 1202 accuratius
694 1138 773 1204 duas
797 1138 970 1222 legationes
993 1135 1123 1212 dirimit,
1150 1156 1219 1200 mo·

89 1261 147 1304 ram
172 1241 325 1326 perfidam
353 1244 438 1309 illam
467 1267 504 1310 ac
531 1245 674 1311 dolosam
705 1247 805 1329 priori
836 1243 988 1328 legationi
1016 1242 1220 1308 Theramenis

89 1349 124 1412 ad
140 1349 333 1434 Lysandrum
352 1350 470 1418 diserte
488 1352 609 1419 tribuit.
638 1353 795 1420 [sautem
813 1373 901 1418 error
921 1350 1032 1435 Lysiae
1051 1349 1221 1416 mammam

90 1456 116 1520 ni
141 1457 230 1524 fallor
257 1459 321 1524 vim
348 1460 488 1526 exercuit
514 1461 546 1524 in
574 1467 676 1526 totam
698 1461 927 1536 narrationem
954 1479 1087 1541 cumque
1110 1457 1220 1542 Lysias

90 1563 197 1632 oblitus
215 1572 298 1632 esset
316 1566 365 1632 bis
380 1567 607 1634 Theramenem
626 1569 755 1634 missum
769 1589 845 1645 esse,
863 1565 1039 1634 necessario
1058 1566 1222 1649 utriusque

91 1671 244 1755 legationis
272 1681 416 1758 tempora
439 1653 629 1742 oobfundere
651 1675 796 1742 debebat.
842 1655 954 1760 ltaque
977 1672 1072 1758 Lysia
1094 1677 1223 1740 auctore

90 1779 267 1847 Theramsui
286 1781 403 1866 Sparta
420 1783 567 1850 redeunti
586 1783 690 1869 (XIII,
712 1781 766 1868 13)
790 1783 922 1864 strategi
945 1780 993 1846 illi
1016 1787 1048 1846 et
1067 1778 1223 1846 taxiarchi

92 1888 201 1972 uirique
231 1891 401 1974 populares
429 1892 553 1959 obviam
580 1895 669 1968 eruut,
701 1889 756 1974 qui
782 1888 837 1954 ubi
869 1889 1015 1967 audiunt,
1047 1909 1128 1972 quae
1160 1888 1224 1954 siut

93 1997 170 2078 pacis
192 1999 403 2076 condiciones,
430 2021 551 2066 summa
578 2001 628 2064 ira
653 1997 772 2064 incensi
800 1996 897 2062 talam
920 2017 1029 2080 pacem
1051 1993 1121 2060 fieri
1143 2015 1224 2060 nrm·

92 2126 176 2188 quam
206 2127 239 2170 se
262 2127 410 2190 passuros
436 2129 517 2184 esse,
548 2107 633 2190 ipsos
665 2104 827 2171 meliorem
857 2125 968 2188 pacem
999 2105 1224 2187 impetraturos

93 2235 152 2278 csse
181 2216 395 2297 pronuntiant.
446 2215 515 2293 Qun
546 2213 579 2280 in
610 2213 794 2280 narratione
825 2217 969 2296 tempora
995 2209 1126 2278 corilusa
1157 2231 1225 2276 esse

92 2318 176 2386 facile
200 2322 404 2406 intellegitur.
454 2321 626 2404 Postquam
658 2321 742 2386 enim
769 2319 977 2386 Theramenes
1010 2339 1082 2384 cum
1112 2338 1224 2382 novem

92 2426 193 2510 legatia
216 2428 333 2514 Sparta
359 2449 421 2513 quo
449 2420 695 2514 αὐτοκράτορες
705 2428 731 2518 ²)
759 2428 846 2494 missi
875 2433 965 2494 erant
993 2425 1168 2502 redierunt,
1190 2430 1227 2488 nt

94 2555 179 2618 supra
201 2536 345 2614 vidimus,
372 2537 459 2602 nulla
482 2542 551 2602 crat
574 2557 645 2620 spes
667 2535 779 2602 relicta
802 2557 912 2619 pacem
934 2533 1096 2600 meliorem
1118 2532 1227 2598 nanci-

95 2642 199 2718 scendi,
220 2642 327 2720 immo,
346 2649 381 2707 ut
399 2642 575 2728 Xenophon
594 2647 713 2721 narrat,
730 2642 839 2726 paucis
857 2641 1077 2710 resistentibus
1099 2645 1227 2725 postero

95 2748 139 2812 die
160 2771 218 2833 pax
240 2756 371 2833 accepta
393 2757 449 2816 est
494 2751 591 2816 Plane
613 2751 708 2816 aliter
735 2755 840 2816 autem
863 2771 914 2816 res
937 2770 970 2816 se
992 2748 1099 2826 habet
1122 2748 1149 2814 si
1172 2769 1227 2832 po-

95 2856 186 2922 nimus
208 2879 262 2922 eos
285 2857 369 2923 viros
396 2858 563 2942 populares
587 2858 713 2924 obviam
740 2858 832 2924 ivisse
855 2856 1044 2923 Therameni
1066 2861 1134 2920 tum
1157 2877 1228 2920 cum

96 2963 169 3028 solus
194 2987 214 3030 a
240 2965 404 3050 Lysandro
436 2964 545 3043 rediit,
577 2987 639 3049 quo
672 2972 814 3048 tempore
846 2967 933 3050 pacis
965 2965 1094 3048 quidem
1126 2967 1229 3028 certas

95 3073 283 3139 condiciones
307 3095 369 3138 non
392 3074 532 3151 rettulit,
559 3074 614 3138 scd
642 3069 698 3137 diri
721 3077 862 3139 moratus
890 3071 1009 3140 inlecta
1031 3095 1066 3138 re
1089 3071 1229 3146 revertit,

96 3179 134 3244 ita
160 3187 277 3258 tamen,
300 3187 337 3245 ut
364 3179 457 3246 facilc
479 3186 648 3266 appareret
671 3180 828 3257 omnibus,
851 3180 878 3245 si
902 3179 991 3244 illum
1014 3181 1117 3246 denuc
1144 3178 1230 3260 lega-

95 3298 154 3350 turn
175 3292 367 3364 emitterent,
389 3289 509 3354 nullam
532 3310 618 3371 spem
641 3287 708 3354 fore
731 3286 889 3352 libertatis
912 3286 1111 3352 obtinendae.
1156 3281 1230 3348 Iure

95 3395 183 3478 igitur
205 3398 264 3461 riri
289 3397 455 3482 populares
478 3397 526 3461 ira
553 3396 677 3462 incitati
700 3417 770 3462 cum
794 3416 857 3460 non
880 3393 1037 3460 nescirent
1059 3393 1230 3458 Therame-

96 3522 159 3568 nem
188 3505 325 3588 patriam
353 3505 553 3588 proditurum
580 3525 646 3570 esse
674 3523 731 3569 nec
758 3501 932 3586 quidquam
958 3499 1046 3567 aliud
1072 3499 1230 3584 perfectu·

96 3629 157 3672 rum
183 3611 243 3676 nisi
271 3616 308 3678 ut
335 3633 385 3677 res
412 3611 540 3695 publica
566 3611 669 3676 libera
695 3615 899 3688 everteretur,
930 3615 968 3673 ut
999 3609 1062 3693 ipsi
1084 3606 1232 3692 Spartam

96 3717 298 3797 mitterentur,
329 3741 458 3803 operam
490 3719 688 3805 uouemere)
742 3718 789 3784 Ao
820 3716 925 3784 nescio
952 3737 994 3782 an
1025 3721 1093 3782 tum
1124 3714 1233 3798 aliqua

101 3849 301 3864 ¹¹--n—---—

180 3935 197 3975 ¹²
216 3935 250 3998 11,
264 3936 290 3990 ἰ).
308 3935 339 3988 ll
360 3927 451 4004 ᾑρέθη
473 3926 649 4005 πρεσβευτὴς
668 3930 708 3997 εἰς
721 3931 924 4000 Λακεδαίμονα
943 3923 1130 4000 αὐτοκράτωρ
1149 3923 1230 3981 δέκα·

101 4033 143 4081 τος
160 4017 247 4086 οὗτος.

181 4111 200 4174 ¹)
218 4111 403 4168 Proditionem
422 4111 602 4168 Theramenis
625 4127 660 4166 uc
679 4110 834 4180 Xenophon
858 4109 968 4180 quidem
992 4107 1071 4163 texit.
1108 4105 1177 4161 Xon.
1198 4103 1233 4170 ΙΙ,

101 4197 124 4250 ⁸2.
143 4201 174 4254 lt
194 4205 337 4271 πεμφθεὶς
360 4201 389 4256 δέ
414 4200 536 4273 διέτριβε
565 4197 642 4273 παρὰ
666 4195 824 4272 Λυσάνδρῳ
845 4206 921 4270 τρεῖς
943 4201 1033 4266 μῆνας
1056 4197 1104 4251 καὶ
1127 4198 1233 4258 πλεῖον,

103 4281 234 4358 ἐπιτηρῶν
259 4287 346 4347 ὁπότε
377 4288 517 4360 ,Ἀθηναῖοι
551 4285 671 4359 ἔμελλον
703 4287 747 4346 διὰ
775 4286 808 4345 τὸ
837 4285 1046 4344 ἐπιλελοιπέναι
1078 4281 1129 4340 τὸν
1155 4292 1235 4338 σῖτον

104 4363 207 4433 ἅπαντα
229 4371 270 4436 ὅτι
295 4399 336 4446 τις
354 4379 432 4452 λέγοι
452 4375 651 4452 ὁμολογήσειν.
688 4376 751 4434 ἐπεὶ
775 4375 801 4433 δ’
822 4369 873 4447 ἧκε
897 4372 1025 4450 τετάρτῳ
1047 4377 1122 4444 μηνὶ,
1146 4368 1235 4444 ἀπήγ-

1059 4469 1076 4520 3
