3008 4884
278 356 319 416 66
714 385 757 396 -
804 353 887 434 [ero]
935 387 979 396 -

279 538 393 624 cipalis
420 539 509 604 verbi
526 538 626 604 'notio
656 538 812 623 paulatim
842 539 889 604 ita
915 538 1084 604 imminuta
1117 545 1149 604 ct
1179 537 1424 623 circumscripta

278 648 338 719 cst,
364 646 400 706 ut
424 640 512 726 apud
534 661 653 708 aureae
668 641 785 708 aetatis
808 642 981 726 scriptores
1003 661 1109 727 paene
1131 661 1259 726 semper
1281 642 1427 724 royuadi

278 743 412 810 baberet
434 743 700 827 significationem
729 743 780 826 [cf.
805 743 883 808 Brix
905 742 947 808 ad
970 745 1019 810 Pl.
1044 744 1134 809 Trin.
1155 747 1263 827 1161).

365 846 461 912 Verbi
490 847 577 911 616166
606 865 710 929 genus
738 846 904 931 passivum
933 847 974 912 ab
1003 846 1095 912 initio
1122 845 1203 912 duas
1232 846 1426 912 continebat

277 949 424 1016 notiones
446 948 632 1013 »6616616666
655 957 687 1015 61
709 949 859 1034 »peredeo
881 951 1036 1030 6666616666,
1064 949 1105 1015 cf.
1129 951 1204 1015 Ter.
1226 948 1311 1015 And.
1331 953 1367 1026 3,
1389 956 1421 1029 5,

281 1057 318 1117 10
342 1053 426 1116 61666
447 1050 560 1133 66661),
602 1052 693 1117 Varr.
719 1072 745 1116 r.
771 1073 796 1116 r.
826 1057 853 1134 1,
880 1055 910 1134 2,
935 1058 955 1116 4
983 1052 1034 1116 sol
1060 1074 1123 1116 non
1148 1051 1283 1132 66116166,
1316 1058 1424 1136 atque

275 1154 425 1240 inprimis
453 1153 595 1238 lepidum
629 1154 753 1236 iocum,
793 1173 887 1237 quem
918 1154 1029 1220 inesse
1056 1155 1091 1218 in
1119 1153 1227 1221 verbis
1255 1153 1425 1220 Plautinis

276 1257 370 1322 Most.
397 1261 459 1322 833
493 1259 569 1321 ΤΗ.
624 1259 697 1321 Non
726 1258 838 1340 edepol
865 1244 982 1322 ct'deo.⁸
1023 1259 1093 1322 ΤΗ.
1126 1260 1174 1321 At
1201 1280 1257 1342 666
1286 1257 1422 1322 videor.-

274 1381 349 1424 6666
371 1360 454 1424 inter
475 1358 625 1423 volturios
647 1361 726 1424 dnos
746 1359 856 1423 cornia
878 1368 964 1424 66161
985 1359 1151 1445 perspexit
1172 1359 1425 1426 Studemundus

275 1463 308 1526 in
331 1463 519 1546 »Festpruss
541 1463 598 1525 der
616 1461 863 1546 philoloptlrcben
890 1463 1103 1546 Gescllseltnft
1127 1485 1167 1528 66
1197 1465 1422 1548 117666666666

279 1565 359 1629 1868
383 1585 458 1649 pag.
477 1569 530 1628 74.
578 1564 698 1631 Contra
712 1564 825 1631 Cicero
841 1565 940 1648 etqui
963 1584 1036 1630 eum
1059 1565 1161 1631 secuti
1179 1570 1254 1630 sunt
1277 1565 1424 1651 scripto-

274 1686 328 1734 res
350 1686 468 1734 aureae
490 1668 607 1732 aetatis
634 1667 736 1733 multo
766 1668 897 1753 saepius
922 1687 996 1734 eam
1025 1667 1056 1734 ei
1077 1667 1221 1733 tribuunt
1251 1667 1422 1734 notionem

274 1791 338 1853 qua
360 1768 519 1852 significat
540 1769 724 1834 6661616666
747 1771 850 1836 altera
872 1770 1022 1855 »66661666
1044 1771 1204 1846 corderam
1231 1770 1261 1836 si
1283 1772 1422 1853 quaudo

273 1872 427 1953 occurrit,
460 1873 649 1957 plerumque
671 1872 704 1937 in
727 1873 767 1938 iis
789 1872 879 1938 verbi
902 1871 1014 1938 formis
1036 1871 1296 1956 deprehenditur,
1329 1893 1423 1956 quae

272 1974 468 2061 compositae
497 1983 572 2040 sunt
601 1995 672 2041 enm
705 1975 840 2060 perfecti
867 1975 1047 2060 participio.
1101 1974 1273 2059 Simplices
1302 1982 1420 2043 tumen

273 2078 363 2144 verbi
394 2078 515 2144 formae
545 2077 606 2144 bac
627 2078 756 2144 notione
789 2077 956 2163 praeditae
984 2084 1061 2144 sunt
1087 2077 1174 2162 apud
1197 2076 1297 2143 Corn.
1314 2078 1362 2156 11,
1386 2083 1417 2152 7,

276 2186 326 2246 lb.
358 2181 417 2259 ΠΙ,
441 2183 489 2260 19,
510 2182 563 2244 32.
594 2181 648 2260 IV,
670 2184 699 2261 7,
723 2184 778 2250 10:
820 2181 886 2247 Cic.
912 2181 979 2246 inv.
997 2181 1038 2260 Π,
1059 2184 1112 2257 53,
1135 2184 1211 2258 160;
1253 2179 1353 2247 Caes.
1383 2184 1417 2248 b.

270 2284 472 2366 6611218.
497 2289 528 2365 4,
548 2285 600 2348 28.
637 2284 670 2349 b.
696 2282 757 2348 civ.
781 2289 807 2364 1,
826 2287 879 2347 41.
928 2283 1064 2350 Perlecti
1079 2289 1141 2349 616.
1158 2282 1276 2349 formas
1299 2283 1417 2351 inveni

271 2385 358 2470 apud
381 2385 536 2466 066611,
557 2391 588 2466 5,
608 2389 639 2452 8.
664 2388 717 2467 21,
737 2388 790 2451 33.
822 2385 877 2466 IV,
897 2391 949 2468 11,
970 2388 1028 2464 53,
1056 2385 1123 2452 Cic.
1141 2385 1207 2451 inv.
1228 2386 1253 2464 Ι,
1273 2389 1326 2465 17,
1349 2389 1414 2452 87:

270 2487 366 2554 Caes.
386 2488 418 2553 b.
436 2488 515 2572 gall.
538 2493 564 2568 1,
585 2491 625 2551 22
649 2493 708 2554 etc.
727 2495 789 2554 616.
835 2489 1000 2554 Permulta
1021 2507 1105 2571 quae
1127 2508 1168 2555 ex
1187 2489 1259 2554 aliis
1283 2489 1417 2556 laudari

270 2597 407 2676 possunt
427 2590 634 2675 scriptoribus
656 2592 807 2676 exempla
829 2590 950 2658 omitto.

360 2694 585 2780 Corptnprandi
612 2694 744 2760 verbum
778 2694 865 2779 apud
897 2694 1082 2761 Ciceronem
1110 2694 1229 2776 ubique
1257 2694 1413 2762 intransi-

270 2796 334 2862 tivo
357 2815 455 2862 sensu
477 2804 660 2881 usurpatur,
697 2797 787 2863 velut
808 2797 898 2863 Verr.
917 2796 959 2876 11,
982 2802 1009 2878 1,
1031 2803 1081 2877 15,
1102 2801 1140 2860 41
1166 2803 1227 2862 etc.
1274 2798 1411 2864 ’116661-

268 2899 353 2965 tirus
375 2899 469 2966 huius
492 2899 581 2965 verbi
604 2918 719 2965 seusus
741 2906 848 2966 exstat
869 2900 956 2985 apud
970 2899 1134 2984 Hyginum
1157 2898 1223 2964 fab.
1246 2903 1307 2964 179
1329 2921 1405 2985 pag.

270 3005 321 3079 35,
345 3004 382 3066 12
406 3001 514 3068 Schm.
538 3001 572 3066 in
595 3002 704 3067 codice
720 3001 938 3084 Frisingensi:
963 3002 1108 3066 Ioct's-
1122 3002 1275 3067 8666661666
1290 3004 1408 3089 666616-

266 3104 374 3187 pravit
390 3105 592 3187 (quamquam
604 3104 808 3187 blunckerus,
828 3124 921 3187 quern
937 3111 1066 3171 secutus
1078 3113 1129 3172 est
1140 3103 1401 3172 118666161166.

269 3207 396 3273 abiecta
417 3207 524 3274 littera
546 3231 577 3272 m
600 3208 723 3273 mavult
744 3209 864 3273 Semele
885 3207 1098 3292 corytuproot't)
1126 3215 1158 3274 61
1178 3208 1288 3274 Sehol.
1306 3209 1401 3292 Cruq.

268 3309 345 3374 Hor.
371 3309 465 3394 epod.
491 3316 521 3391 5,
549 3313 590 3374 24
619 3332 651 3396 6.
679 3313 758 3376 263·
780 3310 832 3376 ed.
855 3313 934 3374 1597
959 3319 1072 3375 vestem
1094 3311 1288 3398 cotfioyrarr'
1303 3313 1401 3396 secet.

268 3410 387 3477 Contra
409 3412 540 3497 perfecti
562 3413 657 3479 huius
673 3413 763 3479 verbi
785 3413 987 3498 participium
1009 3414 1142 3498 passiva
1164 3416 1322 3498 prolatum
1345 3435 1403 3480 no-

267 3514 353 3580 tione
375 3521 425 3581 est
445 3535 466 3581 a
488 3515 657 3583 Cornificio
679 3517 734 3598 IV,
754 3521 784 3597 8,
808 3519 845 3579 12
868 3518 943 3580 orbs
965 3517 1164 3582 6666661666
1187 3516 1401 3580 6666166666-

267 3617 580 3704 666611666661666616
596 3621 637 3701 (et
648 3619 690 3684 ab
696 3619 834 3704 Apuleio
845 3617 886 3684 de
895 3617 1003 3684 mund.
1017 3621 1083 3702 34).
1108 3618 1216 3684 Altero
1229 3619 1316 3703 apud
1323 3620 1400 3685 Cor-

266 3718 407 3786 nifieium
418 3721 489 3787 loco
500 3721 554 3804 IV,
568 3725 619 3802 39,
632 3726 670 3786 51
695 3723 764 3804 (tono
780 3722 912 3807 61661666
923 3729 1017 3806 atque
1028 3721 1132 3786 codem
1145 3729 1283 3804 tempore
1294 3723 1399 3786 6166666

265 3823 377 3887 hostili
383 3824 511 3910 stuprat
524 3823 666 3888 16666616
682 3828 754 3909 616.)
783 3845 823 3892 ex
837 3824 878 3891 iis
894 3844 979 3908 quae
994 3823 1086 3890 codd.
1103 3824 1260 3908 praebent
1268 3824 1395 3910 flucre

266 3929 321 3992 bat
350 3933 382 3992 et
398 3927 558 4012 flupradr't
585 3927 715 4012 Kayser
735 3929 884 4014 stuprata
911 3936 958 3992 661
987 3946 1014 3993 s.
1033 3927 1200 4013 stuprator
1228 3927 1394 3993 restituen-

265 4027 341 4092 dum
364 4030 561 4114 suspicatur:
592 4030 728 4116 simplex
750 4039 857 4098 autem
879 4030 1011 4096 verbum
1026 4031 1138 4115 stupro
1161 4049 1259 4097 sensu
1281 4029 1393 4096 transi-

266 4134 471 4143 ——-..-—-

335 4168 351 4230 Ι)
380 4167 421 4220 Pl.
448 4167 530 4222 Troo.
546 4170 571 4232 2,
588 4170 611 4232 2,
628 4169 653 4232 2,
681 4167 728 4223 nbi
753 4169 818 4222 olim
842 4168 932 4222 6161666
954 4167 1068 4235 passivo
1091 4167 1280 4235 accipiebatur
1303 4182 1389 4226 sensu,

266 4248 303 4302 A.
314 4248 479 4321 Spengelins
491 4268 525 4308 ex
538 4253 644 4310 incerta
656 4255 816 4310 coniectura
828 4254 941 4323 scripsit
953 4255 1013 4308 1166
1029 4255 1165 4308 661661-
1178 4253 1272 4309 Vallem
1285 4271 1324 4307 66
1337 4253 1387 4307 611.
