3006 4892
609 349 821 408 -ssl—

235 533 315 600 lbid.
342 537 421 600 653:
446 535 530 620 quod
551 538 624 601 berse
643 536 839 619 propositum
862 536 1105 602 sicontueorc.
1127 587 1148 618 .,
1173 538 1291 602 mirari

145 638 247 703 multo
269 638 439 725 relinques.

232 741 349 807 Nullus
372 741 483 807 borum
506 741 645 808 locorum
668 742 810 809 omnium
833 763 873 809 eu
889 743 975 808 omni
991 751 1083 828 parte
1099 763 1172 809 cum
1188 763 1226 810 co
1242 742 1283 808 de

144 865 211 928 quo
232 845 358 929 agimus
382 844 519 910 conferri
542 852 657 929 potest.
705 845 804 912 Cuius
827 846 1005 912 sentcntiae
1027 867 1111 929 quae
1135 853 1212 930 apta
1234 854 1284 912 cst

145 949 262 1020 forma.
288 968 358 1016 eam
382 948 538 1033 praebent
566 947 599 1012 iu
621 948 702 1014 libro
731 948 841 1032 quinto
867 968 979 1015 versus
1012 952 1071 1014 134
1088 955 1177 1016 -6:
1208 951 1285 1035 qaid

144 1053 178 1116 si
197 1059 341 1136 poscet
363 1051 471 1115 caim?
500 1052 597 1114 multo
622 1050 715 1134 prauo
744 1051 814 1134 ipae
843 1051 943 1116 oraim
971 1052 1017 1116 vio
1046 1052 1081 1115 in
1103 1051 1205 1135 capite
1227 1061 1284 1116 oret

144 1157 261 1220 umeros
289 1165 346 1220 out
372 1155 443 1220 imre
472 1155 610 1219 calcidae
638 1177 701 1220 csse
723 1164 883 1238 posset,
917 1155 1093 1220 erinaceos·
1118 1155 1228 1242 quovis
1251 1156 1283 1219 ia

140 1269 238 1343 porte
258 1260 382 1323 coleret.

232 1363 300 1428 Iam
323 1362 439 1444 elucet,
465 1382 506 1429 ne
523 1371 641 1426 corneos
661 1362 695 1444 (Ι,
715 1365 786 1448 594)
807 1361 841 1427 in
860 1370 1018 1427 coactaret
1033 1369 1180 1444 mutetur,
1206 1383 1285 1448 pro·

144 1466 249 1532 hiberi
272 1475 303 1531 et
326 1473 426 1531 metro
445 1473 476 1531 et
491 1465 700 1550 grammatica
715 1465 961 1532 constructione.
1001 1466 1114 1547 Itaque
1130 1464 1164 1529 id
1180 1465 1284 1532 solum

142 1587 316 1652 superesse
339 1567 475 1646 videtur,
501 1575 536 1633 ut
557 1588 670 1634 versus
693 1571 767 1632 594.
794 1574 824 1632 5.
852 1571 871 1632 6
894 1567 1096 1635 secludamus
1119 1574 1283 1652 tamquam

143 1673 353 1756 interpolatos
370 1679 402 1736 et
417 1670 604 1755 particulam
620 1693 675 1735 aec
690 1671 723 1736 in
737 1675 797 1736 597
815 1672 856 1736 ab
873 1670 985 1737 eodem
1001 1670 1228 1756 interpolatore
1242 1692 1284 1737 cx

142 1798 208 1839 non
222 1781 448 1841 commutatam
466 1793 539 1840 esse
555 1773 759 1840 coniciamus.
786 1775 870 1840 Nam
885 1774 915 1840 si
926 1775 997 1858 quis
1009 1774 1083 1840 illos
1096 1782 1159 1840 tres
1171 1794 1284 1840 versus

142 1877 341 1962 interpolare
374 1876 538 1957 studebat,
573 1896 646 1942 curn
675 1899 737 1940 aon
766 1879 798 1942 in
827 1900 883 1942 saec
913 1883 1035 1942 mutare
1065 1895 1179 1944 ausum
1210 1897 1284 1944 esse

142 2001 202 2046 cor
238 2001 302 2046 non
338 1987 503 2065 putemus,
536 1981 626 2045 nulla
663 1988 712 2046 cst
741 2000 849 2046 causa.
905 1978 1143 2046 Sententiarum
1176 1987 1283 2046 eutero

141 2083 358 2163 cohaerentia,
385 2084 412 2149 si
435 2084 493 2150 hos
516 2103 628 2150 versus
651 2085 767 2149 missos
782 2082 927 2164 facimus,
946 2083 1068 2167 optima
1082 2088 1143 2148 cst.
1179 2083 1285 2166 Atque

142 2187 323 2253 clarissime
346 2186 547 2271 perspicitur,
573 2185 659 2252 unde
681 2187 761 2252 haec
778 2184 981 2270 interpolatio
996 2191 1066 2250 orta
1081 2183 1133 2251 sit.
1173 2185 1285 2252 Altera

142 2291 230 2356 enim
260 2309 370 2354 earum
400 2309 586 2366 causarum,
611 2289 644 2354 in
673 2289 787 2373 quibus
816 2288 879 2354 sita
907 2296 957 2356 est
982 2288 1039 2353 illa
1061 2287 1190 2373 positio,
1215 2289 1283 2375 pri-

144 2392 270 2458 mordia
285 2412 349 2457 non
364 2411 459 2476 posse
475 2392 671 2474 commutari,
687 2392 767 2458 baec
777 2399 841 2458 est:
861 2392 939 2476 qaid
947 2415 1085 2477 quaeqae
1097 2399 1214 2477 queant
1221 2413 1285 2476 per

131 2498 277 2583 foedera
300 2496 436 2574 naturai,
463 2496 540 2581 quid
554 2519 662 2580 porro,
676 2503 839 2582 nequeant,
866 2496 1018 2560 sonatum
1034 2495 1285 2582 quondoquidem

141 2607 248 2663 exstat
275 2599 315 2682 (1,
342 2601 416 2664 586.
443 2603 485 2682 7).
535 2598 631 2664 Visus
662 2607 768 2664 autern
798 2606 849 2664 cst
863 2598 1089 2684 interpolator,
1116 2619 1186 2665 cum
1209 2599 1283 2664 illos

140 2722 258 2768 versus
286 2701 454 2779 insereret,
480 2700 609 2782 addere,
636 2702 664 2767 ai
693 2701 867 2787 primordia
888 2709 1166 2780 commutarentur,
1192 2701 1283 2768 illam

139 2807 278 2872 alteram
302 2825 430 2870 causam
455 2805 582 2889 negari;
615 2805 697 2888 fugit
710 2811 826 2870 tamen
850 2824 922 2871 curn
945 2823 1118 2889 pronomen
1142 2827 1282 2891 quaeqae

146 2911 232 2992 (586)
251 2907 296 2974 ed
315 2930 462 2993 penora
484 2908 658 2992 pertinere,
676 2908 782 2974 verbis
798 2907 983 2991 veroflaita
995 2915 1136 2991 potestas
1151 2908 1283 2993 deniqne

140 3012 255 3097 cm'qae
271 3032 406 3096 quonam
420 3011 462 3075 sit
477 3011 599 3074 ratione
614 3010 754 3095 spectari
776 3010 958 3095 stapulas
980 3032 1054 3074 res.
1094 3011 1198 3093 Atque
1214 3031 1283 3076 om-

140 3115 220 3182 nino
235 3113 406 3180 tenendum
422 3121 472 3180 est
486 3113 634 3179 versibus
650 3115 797 3178 ost-90
814 3133 911 3178 unam
927 3132 994 3179 rem
1009 3112 1194 3196 significari,
1214 3113 1283 3179 sin-

140 3219 222 3302 gula
232 3236 353 3302 genera
365 3236 493 3283 servare
509 3223 655 3282 naturam
668 3236 774 3282 mores
786 3217 904 3283 victum
916 3226 1084 3299 motusque
1092 3223 1278 3300 parentum;

140 3322 245 3387 tribus
261 3329 367 3386 tannen
383 3321 527 3404 partibus
542 3321 622 3386 baec
644 3340 695 3386 res
710 3319 914 3386 describitur:
945 3325 972 3383 1.
991 3319 1138 3406 pacasium
1149 3341 1283 3404 penea-

141 3427 201 3490 tr'm
215 3423 426 3508 redditofinr'e
441 3423 601 3488 crescendi
613 3424 706 3488 rebus
720 3431 842 3488 coastat
857 3422 1013 3508 mumque
1037 3423 1180 3500 tencadi;
1203 3426 1233 3488 2.
1253 3433 1284 3488 et

141 3528 222 3614 quid
235 3549 374 3612 quaeque
390 3535 504 3610 qaeaot
520 3548 582 3610 pcc·
594 3527 734 3612 foedera
748 3525 886 3604 naturai,
913 3526 990 3611 qaid
997 3547 1098 3609 porro
1114 3535 1279 3612 nequeant,

139 3631 296 3696 coercitum
320 3629 567 3715 qnandoquidem
589 3638 712 3706 exstat·
734 3633 764 3695 3.
791 3653 846 3694 aec
872 3637 1079 3694 commutetur
1101 3631 1278 3716 quicquam,

140 3735 219 3820 quin
242 3733 346 3797 omaro
367 3739 508 3798 cormtent
532 3754 629 3817 usque
658 3733 745 3809 adeo,
771 3731 878 3798 variae
899 3732 1040 3796 volucres
1061 3740 1098 3796 ut
1118 3731 1152 3796 t'a
1174 3733 1282 3797 ordine

140 3844 275 3901 cunctae
308 3837 474 3899 ostendant
508 3836 647 3900 momina
684 3836 842 3921 qeneralrb
877 3857 1005 3919 corpore
1041 3836 1151 3900 inesse.
1212 3835 1281 3900 Hoc

141 3941 241 4024 igitur
256 3939 333 4004 dicit
358 3945 471 4023 pocta:
497 3938 644 4021 quoniam
661 3938 789 4024 singula
803 3958 908 4005 rerum
931 3959 1051 4022 genera
1074 3939 1141 4006 suis
1164 3937 1281 4004 finibus

139 4041 381 4127 circumscripta
403 4041 538 4108 eandem
562 4061 689 4126 semper
704 4048 850 4108 naturam
865 4041 908 4108 ad
924 4050 1069 4128 posteros
1085 4050 1279 4128 propagant,

138 4144 373 4213 immutabilem
402 4143 648 4229 primordiorum
677 4159 833 4211 summam
856 4146 976 4212 habere
998 4145 1128 4214 debent:
1155 4165 1269 4212 naurs

139 4246 317 4334 primordia
342 4247 640 4314 commutationibus
669 4247 813 4314 subiecta
843 4253 962 4325 essent,
986 4268 1048 4313 non
1075 4247 1191 4312 totiens
1214 4247 1282 4313 sin-

1041 4367 1072 4418 51
