3010 4896
518 311 562 323 -
607 275 703 358 [119]
749 313 791 324 -
1183 277 1226 341 as

109 470 201 536 (liebus
221 491 314 554 quam
337 468 550 554 compluribus
572 469 731 536 mensibus
754 471 795 536 ad
818 471 890 536 illos
912 492 1018 537 muros
1040 471 1228 537 disiciendos

108 599 171 661 opus
194 577 288 643 luisse
315 577 447 642 videtur.
496 576 658 661 Lysander
685 578 792 660 igitur,
823 583 995 661 postquam¹
1021 579 1089 662 ipse
1119 579 1228 652 statim

107 685 191 769 raptis
212 683 345 750 Athenis
368 704 437 748 oum
459 683 552 750 sociis
574 705 631 767 per
654 683 837 749 sollemnem
860 684 1081 750 caerimoniam
1104 685 1228 750 initium

106 811 247 856 murorum
275 789 508 856 deiciendorum
530 789 613 868 feeit,
640 789 886 857 Atheniensibus
913 791 1088 874 imperavit,
1116 795 1153 855 nt
1175 813 1228 856 eos

40 897 42 946 J
106 901 176 964 istra
200 905 318 964 eertum
344 902 469 981 tempus
491 897 662 974 diruerent,
690 917 760 963 eum
787 898 853 982 ipse
877 895 1004 963 Samum
1032 896 1226 964 eveheretur.

105 1005 204 1071 Postea
220 1025 291 1070 oum
312 1003 495 1088 popularem
514 1003 673 1069 civitatem
691 1009 813 1070 mutare
832 1005 1058 1089 aggrederetur
1075 1010 1108 1069 st
1126 1003 1227 1070 Athe-

104 1111 211 1177 nienses
233 1111 275 1176 ad
297 1113 363 1176 eius
385 1110 580 1176 voluntatem
602 1131 636 1177 se
658 1112 895 1177 aooommodars
917 1111 1048 1188 nollent,
1075 1132 1149 1197 pars
1171 1131 1227 1176 au·

103 1225 157 1284 tem
176 1218 358 1284 munitionis
376 1220 540 1284 etiamtum
563 1224 741 1301 superesset
759 1217 922 1295 diruenda,
944 1217 1106 1303 Lysander
1128 1219 1227 1285 mina-

102 1333 153 1402 tus,
172 1325 231 1390 nisi
253 1324 314 1391 sibi
333 1323 588 1410 obsequerentur,
611 1345 644 1390 se
667 1324 738 1390 illos
757 1323 901 1390 acerbius
919 1325 1091 1408 duriusque
1109 1330 1227 1391 traete·

101 1439 195 1496 turum
217 1453 294 1509 esse,
316 1433 399 1517 qnod
424 1429 518 1497 fidem
540 1431 695 1515 pastionis
714 1432 894 1507 violassent,
917 1433 1019 1509 evicit,
1042 1438 1078 1497 ut
1095 1431 1228 1516 triginta

101 1539 150 1602 riri
174 1539 421 1614 instituerentur,
448 1537 562 1621 quibus
584 1537 818 1605 dominantibus
844 1537 1027 1622 planetam
1054 1539 1136 1604 muri
1163 1539 1226 1604 dis-

99 1645 163 1712 ieoti
183 1651 265 1710 sunt

175 1751 285 1836 Neque
320 1751 405 1816 huno
434 1772 542 1818 rerum
573 1751 714 1818 ordinem
747 1772 853 1817 verum
891 1773 959 1818 esse
995 1758 1082 1818 oerta
1112 1753 1228 1817 desunt

99 1857 275 1924 testimonia
321 1856 403 1923 Nam
426 1858 600 1943 Xenophon
627 1879 732 1924 muros
756 1879 776 1924 a
796 1859 959 1944 Lysandro
982 1859 1104 1924 dirutos
1127 1859 1227 1924 tradit

99 1965 196 2030 statim
222 1971 295 2048 post
321 1985 430 2048 paoem
457 1971 619 2050 aooeptam
645 1964 702 2052 (11,
725 1966 755 2042 2,
778 1965 829 2030 22.
853 1965 909 2050 23)
937 1965 1034 2049 idque
1064 1986 1147 2031 anno
1174 1987 1227 2030 ex-

99 2077 191 2148 eunte,
213 2093 283 2138 oum
306 2071 412 2156 paullo
435 2079 507 2156 post
528 2079 653 2156 pergat:
676 2079 725 2158 τῷ
749 2064 782 2137 d'
806 2067 936 2138 ἐπιόντι
959 2068 1072 2160 itast)
1119 2072 1227 2137 Annus

98 2185 192 2244 autem
218 2179 465 2263 Xenophontens
492 2179 618 2245 initium
645 2180 730 2263 capit
756 2200 776 2245 a
803 2199 887 2256 vere,
914 2185 951 2244 ut
977 2185 1147 2263 antequam
1172 2197 1227 2243 ver

99 2285 239 2370 inciperet
261 2284 424 2371 Lysander
446 2286 487 2351 ad
510 2307 617 2352 muros
635 2287 806 2352 diruendos
828 2307 993 2370 aggressus
1016 2286 1071 2364 sit3
1095 2286 1227 2369 triginta

98 2411 163 2456 vero
185 2394 267 2459 viros
290 2392 389 2458 multo
412 2400 485 2476 post
507 2399 627 2458 aestate
645 2393 834 2459 constitutos
852 2413 919 2458 esse
942 2391 1026 2457 infra
1043 2390 1226 2457 videbimus.

99 2497 159 2562 lam
175 2521 240 2566 ram
258 2497 384 2565 eonfieit
402 2499 570 2577 Diodorus,
579 2501 606 2586 ί)
624 2521 686 2583 quo
704 2505 786 2566 teste
803 2500 887 2564 muri
906 2499 1013 2565 statim
1030 2503 1102 2582 post
1119 2517 1227 2581 paoem

98 2603 185 2671 diruti
209 2612 282 2672 sunt
305 2605 354 2672 vel
376 2606 461 2671 dirui
484 2607 587 2690 coepti
611 2643 652 2654 -
676 2607 802 2691 quando
820 2607 948 2690 quidem
967 2606 1076 2670 eodem
1098 2609 1226 2670 auotore

77 2709 283 2806 'lysandrum
305 2712 552 2779 Atheniensibus
579 2733 685 2778 muros
709 2713 878 2779 diruendos
907 2713 1108 2797 imperavisse
1132 2732 1228 2795 supra

96 2821 396 2886 commemoravimus
423 2857 480 2896 -‚
511 2819 644 2902 triginta
673 2819 733 2884 viri
764 2820 939 2903 posteriore
970 2825 1111 2902 tempore
1142 2817 1226 2882 uirili

96 2923 279 2993 dissensione
302 2931 412 2992 ooorta
433 2932 466 2991 et
483 2925 645 3012 Lysandro
664 2925 766 3003 Samo,
789 2947 851 3009 quo
873 2927 997 2991 interea
1018 2931 1125 2990 vectus
1149 2929 1227 3002 erat,
1314 2967 1317 2972 -

95 3038 232 3099 rerooeto
254 3032 393 3098 instituti
415 3034 534 3120 sunt³)

176 3139 262 3219 Quae
276 3161 345 3205 oum
364 3146 431 3205 tam
449 3145 535 3206 certo
550 3141 770 3224 comprobasse
788 3139 865 3204 mihi
884 3141 1001 3216 ridear,
1018 3144 1056 3203 ut
1069 3136 1227 3203 dubitatio

93 3244 152 3310 iam
166 3247 252 3312 nulla
264 3252 372 3324 restet,
390 3246 429 3312 de
443 3248 546 3313 altera
563 3247 746 3314 eondioione
760 3267 855 3312 naves
874 3245 1022 3312 tradendi
1040 3265 1226 3327 quaeramus

93 3358 220 3435 oportet
266 3354 370 3437 Atque
397 3374 491 3420 nares
518 3375 538 3419 a
559 3354 723 3438 Lysandro
749 3354 927 3420 combustas
955 3372 1022 3418 esse
1048 3371 1128 3416 nnus
1150 3350 1226 3415 Plu-

93 3457 214 3525 tarchus
239 3459 354 3536 tradit,
385 3460 470 3546 apud
497 3483 589 3545 quem
620 3461 700 3528 baso
730 3460 826 3526 verba
857 3461 1019 3544 leguntur:
1052 3449 1070 3523 ὁ
1104 3448 1137 3522 δ’
1165 3445 1227 3522 οὖν

179 3709 198 3769 ¹)
215 3707 251 3773 Il,
269 3709 295 3773 2,
314 3707 350 3762 24
368 3722 385 3762 s
404 3708 587 3778 Xenophonte
606 3725 659 3763 non
678 3708 782 3779 scripta
801 3715 850 3764 est.

179 3795 198 3860 ¹)
217 3796 289 3864 XIV,
308 3797 326 3850 3
344 3792 418 3851 κατὰ
436 3795 466 3851 di
485 3792 602 3862 τούτους
621 3794 687 3862 τοὺς
702 3793 823 3868 χρόνους
838 3793 977 3866 Ἀθηναῖοι
998 3835 1069 3849 ....
1090 3789 1227 3860 ἐποίησαν

96 3879 233 3952 συνθήκας
251 3880 322 3956 πρὸς
340 3887 589 3954 Λακεδαιμονίους,
609 3881 682 3942 καθ’
701 3879 734 3950 ἃς
753 3881 810 3942 ἔδει
828 3882 863 3942 τὰ
882 3886 959 3956 τείχη
977 3888 1026 3953 τῆς
1048 3876 1159 3945 πόλεως
1177 3899 1226 3936 κα-

96 3971 188 4026 θελεῖν
208 3976 256 4028 καί
278 3977 313 4043 τῇ
335 3975 441 4048 πατρίᾳ
463 3974 592 4049 πολιτείᾳ
609 3977 747 4045 χρῆσθαι·
772 3977 820 4031 καὶ
843 3971 877 4030 τὰ
899 3974 954 4043 μὲν
976 3974 1053 4043 τείχη
1071 3973 1225 4042 περιεῖλον,

96 4061 160 4129 περὶ
176 4060 203 4116 δὲ
221 4066 270 4132 τῆς
287 4063 432 4128 πολιτείας
450 4059 522 4135 πρὸς
539 4059 675 4132 ἀλλήλους
695 4059 869 4134 διεφέροντο.

180 4149 345 4220 ‘ltlstemm
367 4157 442 4207 reete
470 4152 498 4207 iu
521 4152 677 4208 universnm
701 4152 735 4207 de
763 4153 813 4207 hoc
841 4168 932 4208 rerum
960 4151 1055 4206 ordine
1082 4156 1227 4206 senserunt

96 4233 275 4296 GrotiusVIII
289 4259 316 4312 p.
325 4243 359 4296 21
375 4257 424 4310 sq.‚
441 4242 628 4298 Stedeleldtus
647 4242 665 4296 l.
680 4259 703 4297 o.
719 4259 744 4312 p.
762 4244 802 4297 13.
817 4241 852 4297 23
867 4258 907 4311 sq.
927 4247 956 4296 et
973 4239 1002 4294 in
1020 4239 1117 4296 Philol.
1134 4240 1226 4296 XXIX

97 4337 123 4390 P·
132 4325 183 4384 235
194 4345 241 4399 ιο,
259 4329 417 4401 Poebligius
432 4331 481 4386 der
494 4331 615 4387 Athener
632 4331 818 4400 mamma,
833 4329 948 4402 Leipzig
963 4331 1039 4396 1877,
1059 4347 1084 4400 p.
1095 4331 1155 4386 291.
1166 4329 1225 4386 295.
