<?xml version="1.0" encoding="UTF-8"?>
<!DOCTYPE html PUBLIC "-//W3C//DTD XHTML 1.0 Transitional//EN"
    "http://www.w3.org/TR/xhtml1/DTD/xhtml1-transitional.dtd">
<html xmlns="http://www.w3.org/1999/xhtml" xml:lang="en" lang="en">
 <head>
  <title>
</title>
<meta http-equiv="Content-Type" content="text/html;charset=utf-8" />
  <meta name='ocr-system' content='tesseract 3.04.00' />
  <meta name='ocr-capabilities' content='ocr_page ocr_carea ocr_par ocr_line ocrx_word'/>
</head>
<body>
  <div class='ocr_page' id='page_1' title='image "./dissertationesp02unkngoog/dissertationesp02unkngoog_0698.png"; bbox 0 0 2982 4884; ppageno 0'>
   <div class='ocr_carea' id='block_1_1' title="bbox 522 367 1224 450">
    <p class='ocr_par' dir='ltr' id='par_1_1' title="bbox 522 367 1224 450">
     <span class='ocr_line' id='line_1_1' title="bbox 522 367 1224 450; baseline 0.001 -20"><span class='ocrx_word' id='word_1_1' title='bbox 522 403 566 416; x_wconf 89' lang='lat'>-</span> <span class='ocrx_word' id='word_1_2' title='bbox 614 367 698 450; x_wconf 77' lang='lat' dir='ltr'>prr]</span> <span class='ocrx_word' id='word_1_3' title='bbox 744 401 789 414; x_wconf 93' lang='grc'>-</span> <span class='ocrx_word' id='word_1_4' title='bbox 1163 367 1224 432; x_wconf 83' lang='lat' dir='ltr'>ros</span> 
     </span>
    </p>
   </div>
   <div class='ocr_carea' id='block_1_2' title="bbox 89 546 1227 1056">
    <p class='ocr_par' dir='ltr' id='par_1_2' title="bbox 91 546 1227 850">
     <span class='ocr_line' id='line_1_2' title="bbox 91 546 1222 643; baseline -0.002 -21"><span class='ocrx_word' id='word_1_5' title='bbox 91 554 333 643; x_wconf 66' lang='grc' dir='ltr'>Ἀριστοτέλης.</span> <span class='ocrx_word' id='word_1_6' title='bbox 373 555 588 624; x_wconf 86' lang='lat' dir='ltr'>Librariornm</span> <span class='ocrx_word' id='word_1_7' title='bbox 605 574 743 623; x_wconf 86' lang='lat' dir='ltr'>errorem</span> <span class='ocrx_word' id='word_1_8' title='bbox 762 553 857 620; x_wconf 84' lang='lat' dir='ltr'>tollas</span> <span class='ocrx_word' id='word_1_9' title='bbox 878 546 981 640; x_wconf 75' lang='grc' dir='ltr'>μήθ’</span> <span class='ocrx_word' id='word_1_10' title='bbox 1000 548 1053 619; x_wconf 78' lang='grc' dir='ltr'>ὅτι</span> <span class='ocrx_word' id='word_1_11' title='bbox 1067 589 1109 604; x_wconf 84' lang='lat'>-·-</span> <span class='ocrx_word' id='word_1_12' title='bbox 1124 549 1222 642; x_wconf 71' lang='grc' dir='ltr'>μήθ’</span> 
     </span>
     <span class='ocr_line' id='line_1_3' title="bbox 91 651 1227 745; baseline -0.001 -19"><span class='ocrx_word' id='word_1_13' title='bbox 91 653 143 726; x_wconf 79' lang='grc' dir='ltr'>ὅτι</span> <span class='ocrx_word' id='word_1_14' title='bbox 173 659 369 737; x_wconf 49' lang='lat' dir='ltr'>rescribes&amp;</span> <span class='ocrx_word' id='word_1_15' title='bbox 402 658 442 726; x_wconf 86' lang='lat' dir='ltr'>ci.</span> <span class='ocrx_word' id='word_1_16' title='bbox 469 681 501 745; x_wconf 89' lang='lat' dir='ltr'>p.</span> <span class='ocrx_word' id='word_1_17' title='bbox 520 662 597 725; x_wconf 77' lang='lat'><strong>577³</strong></span> <span class='ocrx_word' id='word_1_18' title='bbox 626 659 685 724; x_wconf 85' lang='grc' dir='ltr'>καί</span> <span class='ocrx_word' id='word_1_19' title='bbox 714 651 783 724; x_wconf 75' lang='grc' dir='ltr'><strong><em>οὔτ’</em></strong></span> <span class='ocrx_word' id='word_1_20' title='bbox 804 654 1026 744; x_wconf 70' lang='grc' dir='ltr'><strong><em>Ἀριστοτέλει</em></strong></span> <span class='ocrx_word' id='word_1_21' title='bbox 1054 661 1227 742; x_wconf 79' lang='grc' dir='ltr'><strong><em>ττείίλομαι</em></strong></span> 
     </span>
     <span class='ocr_line' id='line_1_4' title="bbox 92 756 883 850; baseline 0.003 -26"><span class='ocrx_word' id='word_1_22' title='bbox 92 813 155 826; x_wconf 93' lang='grc'>...</span> <span class='ocrx_word' id='word_1_23' title='bbox 181 783 297 830; x_wconf 72' lang='lat' dir='ltr'>verse</span> <span class='ocrx_word' id='word_1_24' title='bbox 320 756 392 828; x_wconf 74' lang='grc' dir='ltr'><strong><em>οὔτ’</em></strong></span> <span class='ocrx_word' id='word_1_25' title='bbox 410 756 554 850; x_wconf 80' lang='grc' dir='ltr'><strong><em>Ἀφαρεῖ</em></strong></span> <span class='ocrx_word' id='word_1_26' title='bbox 578 814 585 829; x_wconf 94' lang='grc'><strong><em>.</em></strong></span> <span class='ocrx_word' id='word_1_27' title='bbox 607 813 642 828; x_wconf 90' lang='grc'>..</span> <span class='ocrx_word' id='word_1_28' title='bbox 669 764 883 844; x_wconf 76' lang='grc' dir='ltr'><strong><em>συντίθεμαι.</em></strong></span> 
     </span>
    </p>

    <p class='ocr_par' dir='ltr' id='par_1_3' title="bbox 89 861 1226 1056">
     <span class='ocr_line' id='line_1_5' title="bbox 175 861 1226 960; baseline 0.002 -30"><span class='ocrx_word' id='word_1_29' title='bbox 175 888 206 951; x_wconf 90' lang='lat' dir='ltr'>p.</span> <span class='ocrx_word' id='word_1_30' title='bbox 226 869 346 932; x_wconf 80' lang='lat' dir='ltr'>58417ss</span> <span class='ocrx_word' id='word_1_31' title='bbox 372 863 418 932; x_wconf 87' lang='grc' dir='ltr'>Τὸ</span> <span class='ocrx_word' id='word_1_32' title='bbox 443 873 554 954; x_wconf 76' lang='grc' dir='ltr'><strong><em>σχῆμα</em></strong></span> <span class='ocrx_word' id='word_1_33' title='bbox 576 872 635 954; x_wconf 73' lang='grc' dir='ltr'>τῆς</span> <span class='ocrx_word' id='word_1_34' title='bbox 656 866 778 960; x_wconf 77' lang='grc' dir='ltr'><strong><em>λέξεως</em></strong></span> <span class='ocrx_word' id='word_1_35' title='bbox 799 863 835 930; x_wconf 78' lang='grc' dir='ltr'>ἐκ</span> <span class='ocrx_word' id='word_1_36' title='bbox 851 870 916 930; x_wconf 83' lang='grc' dir='ltr'>τῶν</span> <span class='ocrx_word' id='word_1_37' title='bbox 932 861 1164 932; x_wconf 76' lang='grc' dir='ltr'><strong><em>ἐπιδεικτικῶν</em></strong></span> <span class='ocrx_word' id='word_1_38' title='bbox 1177 865 1226 932; x_wconf 82' lang='grc' dir='ltr'><strong><em>εἵ-</em></strong></span> 
     </span>
     <span class='ocr_line' id='line_1_6' title="bbox 89 957 1226 1056; baseline 0.004 -24"><span class='ocrx_word' id='word_1_39' title='bbox 89 969 217 1056; x_wconf 69' lang='grc' dir='ltr'><strong><em>λιρτιται</em></strong></span> <span class='ocrx_word' id='word_1_40' title='bbox 238 966 462 1054; x_wconf 85' lang='grc' dir='ltr'><strong><em>παρισώσεων</em></strong></span> <span class='ocrx_word' id='word_1_41' title='bbox 484 970 541 1034; x_wconf 81' lang='grc' dir='ltr'>καί</span> <span class='ocrx_word' id='word_1_42' title='bbox 563 966 840 1055; x_wconf 86' lang='grc' dir='ltr'><strong><em>παρομοιώσεων.</em></strong></span> <span class='ocrx_word' id='word_1_43' title='bbox 870 965 908 1034; x_wconf 84' lang='grc' dir='ltr'>τά</span> <span class='ocrx_word' id='word_1_44' title='bbox 932 991 967 1053; x_wconf 78' lang='grc' dir='ltr'><strong><em>με</em></strong></span> <span class='ocrx_word' id='word_1_45' title='bbox 991 957 1053 1036; x_wconf 81' lang='grc' dir='ltr'><strong><em>οὖν</em></strong></span> <span class='ocrx_word' id='word_1_46' title='bbox 1076 967 1226 1052; x_wconf 66' lang='lat' dir='ltr'>„inspec-</span> 
     </span>
    </p>
   </div>
   <div class='ocr_carea' id='block_1_3' title="bbox 89 1069 1228 1468">
    <p class='ocr_par' dir='ltr' id='par_1_4' title="bbox 89 1069 1228 1468">
     <span class='ocr_line' id='line_1_7' title="bbox 91 1069 1225 1160; baseline 0 -22"><span class='ocrx_word' id='word_1_47' title='bbox 91 1075 206 1158; x_wconf 72' lang='grc' dir='ltr'><strong><em>ρσίρν“</em></strong></span> <span class='ocrx_word' id='word_1_48' title='bbox 232 1073 289 1138; x_wconf 88' lang='grc' dir='ltr'>καὶ</span> <span class='ocrx_word' id='word_1_49' title='bbox 312 1077 544 1160; x_wconf 49' lang='grc' dir='ltr'><strong><em>χτραποίμιμιίί</em></strong></span> <span class='ocrx_word' id='word_1_50' title='bbox 569 1074 625 1138; x_wconf 79' lang='grc' dir='ltr'>καὶ</span> <span class='ocrx_word' id='word_1_51' title='bbox 650 1071 952 1158; x_wconf 38' lang='grc' dir='ltr'><strong><em>»εἰσπλευσοίμην</em></strong></span> <span class='ocrx_word' id='word_1_52' title='bbox 982 1069 1019 1139; x_wconf 74' lang='lat' dir='ltr'>io</span> <span class='ocrx_word' id='word_1_53' title='bbox 1041 1069 1092 1138; x_wconf 80' lang='grc' dir='ltr'><strong><em>ἑνί</em></strong></span> <span class='ocrx_word' id='word_1_54' title='bbox 1112 1077 1225 1158; x_wconf 82' lang='grc' dir='ltr'><strong><em>χωρίῳ</em></strong></span> 
     </span>
     <span class='ocr_line' id='line_1_8' title="bbox 89 1170 1228 1262; baseline 0.002 -22"><span class='ocrx_word' id='word_1_55' title='bbox 89 1179 227 1258; x_wconf 82' lang='grc' dir='ltr'><strong><em>κείμενα</em></strong></span> <span class='ocrx_word' id='word_1_56' title='bbox 242 1176 299 1241; x_wconf 85' lang='grc' dir='ltr'>καί</span> <span class='ocrx_word' id='word_1_57' title='bbox 315 1183 381 1244; x_wconf 82' lang='grc' dir='ltr'>τῶν</span> <span class='ocrx_word' id='word_1_58' title='bbox 396 1173 512 1243; x_wconf 88' lang='grc' dir='ltr'><strong><em>κώλων</em></strong></span> <span class='ocrx_word' id='word_1_59' title='bbox 525 1183 627 1262; x_wconf 80' lang='grc' dir='ltr'><strong><em>τριῶν</em></strong></span> <span class='ocrx_word' id='word_1_60' title='bbox 643 1171 751 1243; x_wconf 76' lang='grc' dir='ltr'><strong><em>ὄντων</em></strong></span> <span class='ocrx_word' id='word_1_61' title='bbox 765 1173 802 1242; x_wconf 83' lang='grc' dir='ltr'>τὸ</span> <span class='ocrx_word' id='word_1_62' title='bbox 819 1175 891 1259; x_wconf 80' lang='grc' dir='ltr'><strong><em>μὲν</em></strong></span> <span class='ocrx_word' id='word_1_63' title='bbox 905 1182 1010 1262; x_wconf 80' lang='grc' dir='ltr'><strong><em>μῆκος</em></strong></span> <span class='ocrx_word' id='word_1_64' title='bbox 1025 1175 1101 1242; x_wconf 80' lang='grc' dir='ltr'><strong><em>ἰ’σσν</em></strong></span> <span class='ocrx_word' id='word_1_65' title='bbox 1115 1170 1228 1262; x_wconf 80' lang='grc' dir='ltr'><strong><em>ὑπάρ-</em></strong></span> 
     </span>
     <span class='ocr_line' id='line_1_9' title="bbox 89 1273 1226 1372; baseline 0.004 -30"><span class='ocrx_word' id='word_1_66' title='bbox 89 1301 152 1360; x_wconf 89' lang='grc' dir='ltr'><strong><em>χον</em></strong></span> <span class='ocrx_word' id='word_1_67' title='bbox 174 1276 336 1366; x_wconf 79' lang='grc' dir='ltr'><strong><em>τεκμήρια</em></strong></span> <span class='ocrx_word' id='word_1_68' title='bbox 359 1286 418 1367; x_wconf 74' lang='grc' dir='ltr'>τῆς</span> <span class='ocrx_word' id='word_1_69' title='bbox 437 1273 650 1366; x_wconf 84' lang='grc' dir='ltr'><strong><em>Ἰσοκράτους</em></strong></span> <span class='ocrx_word' id='word_1_70' title='bbox 672 1285 879 1372; x_wconf 76' lang='grc' dir='ltr'><strong><em>κατασκευῆς</em></strong></span> <span class='ocrx_word' id='word_1_71' title='bbox 903 1277 983 1344; x_wconf 77' lang='grc' dir='ltr'><strong><em>ἐστι.</em></strong></span> <span class='ocrx_word' id='word_1_72' title='bbox 1031 1279 1226 1346; x_wconf 83' lang='lat' dir='ltr'>Particulam</span> 
     </span>
     <span class='ocr_line' id='line_1_10' title="bbox 90 1381 989 1468; baseline -0.004 -20"><span class='ocrx_word' id='word_1_73' title='bbox 90 1387 163 1464; x_wconf 82' lang='grc' dir='ltr'><strong><em>μέν,</em></strong></span> <span class='ocrx_word' id='word_1_74' title='bbox 190 1382 266 1465; x_wconf 89' lang='lat' dir='ltr'>qnia</span> <span class='ocrx_word' id='word_1_75' title='bbox 289 1381 326 1448; x_wconf 84' lang='grc' dir='ltr'>δέ</span> <span class='ocrx_word' id='word_1_76' title='bbox 348 1401 411 1450; x_wconf 92' lang='lat' dir='ltr'>non</span> <span class='ocrx_word' id='word_1_77' title='bbox 434 1384 584 1468; x_wconf 85' lang='lat' dir='ltr'>sequitur,</span> <span class='ocrx_word' id='word_1_78' title='bbox 612 1383 755 1468; x_wconf 83' lang='lat' dir='ltr'>spuriam</span> <span class='ocrx_word' id='word_1_79' title='bbox 777 1401 850 1462; x_wconf 84' lang='lat' dir='ltr'>esse</span> <span class='ocrx_word' id='word_1_80' title='bbox 872 1381 989 1448; x_wconf 89' lang='lat' dir='ltr'>iudico.</span> 
     </span>
    </p>
   </div>
   <div class='ocr_carea' id='block_1_4' title="bbox 468 1589 852 1764">
    <p class='ocr_par' dir='ltr' id='par_1_5' title="bbox 468 1589 852 1764">
     <span class='ocr_line' id='line_1_11' title="bbox 637 1589 676 1654; baseline -0.026 0"><span class='ocrx_word' id='word_1_81' title='bbox 637 1589 676 1654; x_wconf 86' lang='lat' dir='ltr'>V.</span> 
     </span>
     <span class='ocr_line' id='line_1_12' title="bbox 468 1709 852 1764; baseline -0.005 -1"><span class='ocrx_word' id='word_1_82' title='bbox 468 1711 507 1763; x_wconf 88' lang='lat' dir='ltr'>In</span> <span class='ocrx_word' id='word_1_83' title='bbox 523 1709 678 1764; x_wconf 75' lang='lat' dir='ltr'>iudicium</span> <span class='ocrx_word' id='word_1_84' title='bbox 697 1709 734 1762; x_wconf 86' lang='lat' dir='ltr'>de</span> <span class='ocrx_word' id='word_1_85' title='bbox 751 1711 852 1762; x_wconf 81' lang='lat' dir='ltr'>Isaeo.</span> 
     </span>
    </p>
   </div>
   <div class='ocr_carea' id='block_1_5' title="bbox 89 1823 1232 3878">
    <p class='ocr_par' dir='ltr' id='par_1_6' title="bbox 89 1823 1230 3054">
     <span class='ocr_line' id='line_1_13' title="bbox 179 1823 1227 1918; baseline 0.002 -25"><span class='ocrx_word' id='word_1_86' title='bbox 179 1828 215 1893; x_wconf 91' lang='grc' dir='ltr'>Ρ.</span> <span class='ocrx_word' id='word_1_87' title='bbox 235 1831 341 1895; x_wconf 83' lang='lat' dir='ltr'>5871ss</span> <span class='ocrx_word' id='word_1_88' title='bbox 366 1833 396 1895; x_wconf 85' lang='grc' dir='ltr'>Γ</span> <span class='ocrx_word' id='word_1_89' title='bbox 394 1835 535 1908; x_wconf 84' lang='grc' dir='ltr'><strong><em>ενέσεως</em></strong></span> <span class='ocrx_word' id='word_1_90' title='bbox 557 1830 594 1896; x_wconf 78' lang='grc' dir='ltr'>δὲ</span> <span class='ocrx_word' id='word_1_91' title='bbox 616 1829 673 1895; x_wconf 81' lang='grc' dir='ltr'>καί</span> <span class='ocrx_word' id='word_1_92' title='bbox 695 1827 849 1916; x_wconf 75' lang='grc' dir='ltr'><strong><em>τελευτῆς</em></strong></span> <span class='ocrx_word' id='word_1_93' title='bbox 872 1835 933 1895; x_wconf 79' lang='grc' dir='ltr'>τοῦ</span> <span class='ocrx_word' id='word_1_94' title='bbox 950 1824 1091 1915; x_wconf 82' lang='grc' dir='ltr'><strong><em>ῥήτορος</em></strong></span> <span class='ocrx_word' id='word_1_95' title='bbox 1107 1823 1227 1918; x_wconf 73' lang='grc' dir='ltr'><strong><em>ἀκριβῆ</em></strong></span> 
     </span>
     <span class='ocr_line' id='line_1_14' title="bbox 89 1925 1228 2020; baseline 0.003 -25"><span class='ocrx_word' id='word_1_96' title='bbox 89 1927 217 2014; x_wconf 88' lang='grc' dir='ltr'><strong><em>χρόνον</em></strong></span> <span class='ocrx_word' id='word_1_97' title='bbox 239 1930 350 1998; x_wconf 86' lang='grc' dir='ltr'><strong><em>εἰπεῖν</em></strong></span> <span class='ocrx_word' id='word_1_98' title='bbox 372 1927 431 1999; x_wconf 80' lang='grc' dir='ltr'>οὐκ</span> <span class='ocrx_word' id='word_1_99' title='bbox 454 1931 529 2016; x_wconf 69' lang='grc' dir='ltr'><strong><em>ἔχω,</em></strong></span> <span class='ocrx_word' id='word_1_100' title='bbox 557 1928 635 1999; x_wconf 78' lang='grc' dir='ltr'>οὐδὲ</span> <span class='ocrx_word' id='word_1_101' title='bbox 659 1931 698 2020; x_wconf 81' lang='grc' dir='ltr'>δὴ</span> <span class='ocrx_word' id='word_1_102' title='bbox 722 1933 802 2018; x_wconf 84' lang='grc' dir='ltr'><strong><em>περὶ</em></strong></span> <span class='ocrx_word' id='word_1_103' title='bbox 824 1938 885 1997; x_wconf 83' lang='grc' dir='ltr'>τοῦ</span> <span class='ocrx_word' id='word_1_104' title='bbox 903 1935 981 2014; x_wconf 81' lang='grc' dir='ltr'><strong><em>βίου</em></strong></span> <span class='ocrx_word' id='word_1_105' title='bbox 996 1925 1139 2018; x_wconf 82' lang='grc' dir='ltr'><strong><em>τάνδρὸς</em></strong></span> <span class='ocrx_word' id='word_1_106' title='bbox 1156 1929 1228 2009; x_wconf 86' lang='grc' dir='ltr'><strong><em>οίός</em></strong></span> 
     </span>
     <span class='ocr_line' id='line_1_15' title="bbox 92 2021 1227 2122; baseline 0.004 -26"><span class='ocrx_word' id='word_1_107' title='bbox 92 2055 144 2109; x_wconf 89' lang='grc' dir='ltr'>τις</span> <span class='ocrx_word' id='word_1_108' title='bbox 168 2021 217 2120; x_wconf 75' lang='grc' dir='ltr'><strong><em>ἦν,</em></strong></span> <span class='ocrx_word' id='word_1_109' title='bbox 252 2029 330 2101; x_wconf 75' lang='grc' dir='ltr'>οὐδὲ</span> <span class='ocrx_word' id='word_1_110' title='bbox 352 2035 432 2122; x_wconf 80' lang='grc' dir='ltr'><strong><em>περὶ</em></strong></span> <span class='ocrx_word' id='word_1_111' title='bbox 454 2043 512 2122; x_wconf 75' lang='grc' dir='ltr'>τῆς</span> <span class='ocrx_word' id='word_1_112' title='bbox 528 2041 759 2122; x_wconf 85' lang='grc' dir='ltr'><strong><em>προαιρέσεως</em></strong></span> <span class='ocrx_word' id='word_1_113' title='bbox 774 2041 841 2101; x_wconf 79' lang='grc' dir='ltr'>τῶν</span> <span class='ocrx_word' id='word_1_114' title='bbox 855 2031 1122 2118; x_wconf 82' lang='grc' dir='ltr'><strong><em>πολιτευμάτων,</em></strong></span> <span class='ocrx_word' id='word_1_115' title='bbox 1149 2029 1227 2102; x_wconf 79' lang='grc' dir='ltr'>οὐδὲ</span> 
     </span>
     <span class='ocr_line' id='line_1_16' title="bbox 91 2131 1229 2227; baseline 0.004 -27"><span class='ocrx_word' id='word_1_116' title='bbox 91 2131 200 2222; x_wconf 70' lang='grc' dir='ltr'><strong><em>ἀρχὴν</em></strong></span> <span class='ocrx_word' id='word_1_117' title='bbox 223 2135 253 2203; x_wconf 88' lang='grc' dir='ltr'><strong><em>εί</em></strong></span> <span class='ocrx_word' id='word_1_118' title='bbox 274 2135 450 2225; x_wconf 85' lang='grc' dir='ltr'><strong><em>προείλετό</em></strong></span> <span class='ocrx_word' id='word_1_119' title='bbox 473 2135 592 2227; x_wconf 83' lang='grc' dir='ltr'><strong><em>τιναῆ</em></strong></span> <span class='ocrx_word' id='word_1_120' title='bbox 614 2141 806 2220; x_wconf 80' lang='grc' dir='ltr'><strong><em>πολιτείαν,</em></strong></span> <span class='ocrx_word' id='word_1_121' title='bbox 838 2131 913 2205; x_wconf 80' lang='grc' dir='ltr'>οὐδ’</span> <span class='ocrx_word' id='word_1_122' title='bbox 937 2131 1025 2215; x_wconf 77' lang='grc' dir='ltr'><strong><em>ὅλως</em></strong></span> <span class='ocrx_word' id='word_1_123' title='bbox 1053 2138 1134 2224; x_wconf 81' lang='grc' dir='ltr'><strong><em>περὶ</em></strong></span> <span class='ocrx_word' id='word_1_124' title='bbox 1162 2145 1229 2204; x_wconf 78' lang='grc' dir='ltr'>τῶν</span> 
     </span>
     <span class='ocr_line' id='line_1_17' title="bbox 91 2236 1230 2329; baseline 0.005 -26"><span class='ocrx_word' id='word_1_125' title='bbox 91 2236 258 2307; x_wconf 82' lang='grc' dir='ltr'><strong><em>τοιούτων</em></strong></span> <span class='ocrx_word' id='word_1_126' title='bbox 283 2237 420 2319; x_wconf 77' lang='grc' dir='ltr'><strong><em>οὐδενὸς</em></strong></span> <span class='ocrx_word' id='word_1_127' title='bbox 448 2238 505 2308; x_wconf 79' lang='grc' dir='ltr'><strong><em>διὰ</em></strong></span> <span class='ocrx_word' id='word_1_128' title='bbox 531 2239 570 2308; x_wconf 87' lang='grc' dir='ltr'>τὸ</span> <span class='ocrx_word' id='word_1_129' title='bbox 599 2243 746 2329; x_wconf 80' lang='grc' dir='ltr'><strong><em>μηδεμιᾷ</em></strong></span> <span class='ocrx_word' id='word_1_130' title='bbox 756 2245 775 2328; x_wconf 81' lang='lat'>¹]</span> <span class='ocrx_word' id='word_1_131' title='bbox 802 2237 940 2326; x_wconf 81' lang='grc' dir='ltr'><strong><em>τοιαύτῃ</em></strong></span> <span class='ocrx_word' id='word_1_132' title='bbox 970 2239 1230 2327; x_wconf 73' lang='grc' dir='ltr'><strong><em>περιτυγχάνειν</em></strong></span> 
     </span>
     <span class='ocr_line' id='line_1_18' title="bbox 92 2340 1229 2432; baseline 0.006 -27"><span class='ocrx_word' id='word_1_133' title='bbox 92 2340 238 2430; x_wconf 71' lang='grc' dir='ltr'><strong><em>ἱστορίᾳ.</em></strong></span> <span class='ocrx_word' id='word_1_134' title='bbox 285 2345 476 2431; x_wconf 83' lang='lat' dir='ltr'>Sylburgius</span> <span class='ocrx_word' id='word_1_135' title='bbox 497 2347 532 2413; x_wconf 89' lang='lat' dir='ltr'>in</span> <span class='ocrx_word' id='word_1_136' title='bbox 554 2347 661 2414; x_wconf 87' lang='lat' dir='ltr'>verbis</span> <span class='ocrx_word' id='word_1_137' title='bbox 684 2341 761 2412; x_wconf 81' lang='grc' dir='ltr'><strong><em>οὐδὲ</em></strong></span> <span class='ocrx_word' id='word_1_138' title='bbox 785 2340 891 2432; x_wconf 74' lang='grc' dir='ltr'><strong><em>ἀρχὴν</em></strong></span> <span class='ocrx_word' id='word_1_139' title='bbox 912 2381 953 2394; x_wconf 90' lang='grc'>-</span> <span class='ocrx_word' id='word_1_140' title='bbox 976 2346 1153 2412; x_wconf 84' lang='grc' dir='ltr'><strong><em>πολιτείαν</em></strong></span> <span class='ocrx_word' id='word_1_141' title='bbox 1166 2343 1229 2412; x_wconf 91' lang='lat' dir='ltr'>ali-</span> 
     </span>
     <span class='ocr_line' id='line_1_19' title="bbox 92 2441 1228 2538; baseline 0.003 -27"><span class='ocrx_word' id='word_1_142' title='bbox 92 2465 155 2530; x_wconf 89' lang='lat' dir='ltr'>qno</span> <span class='ocrx_word' id='word_1_143' title='bbox 178 2447 274 2515; x_wconf 92' lang='lat' dir='ltr'>modo</span> <span class='ocrx_word' id='word_1_144' title='bbox 297 2449 462 2516; x_wconf 83' lang='lat' dir='ltr'>offendens</span> <span class='ocrx_word' id='word_1_145' title='bbox 485 2451 646 2535; x_wconf 87' lang='lat' dir='ltr'>particula</span> <span class='ocrx_word' id='word_1_146' title='bbox 669 2445 688 2538; x_wconf 76' lang='grc' dir='ltr'><em>ἤ</em></span> <span class='ocrx_word' id='word_1_147' title='bbox 714 2457 874 2535; x_wconf 87' lang='lat' dir='ltr'>expuncta</span> <span class='ocrx_word' id='word_1_148' title='bbox 903 2442 981 2515; x_wconf 76' lang='grc' dir='ltr'>οὐδὲ</span> <span class='ocrx_word' id='word_1_149' title='bbox 1010 2441 1116 2537; x_wconf 80' lang='grc' dir='ltr'><strong><em>ἀρχήν</em></strong></span> <span class='ocrx_word' id='word_1_150' title='bbox 1142 2449 1228 2516; x_wconf 89' lang='lat' dir='ltr'>idem</span> 
     </span>
     <span class='ocr_line' id='line_1_20' title="bbox 91 2552 1228 2636; baseline 0.004 -20"><span class='ocrx_word' id='word_1_151' title='bbox 91 2569 166 2617; x_wconf 86' lang='lat' dir='ltr'>esse</span> <span class='ocrx_word' id='word_1_152' title='bbox 189 2553 258 2618; x_wconf 81' lang='lat' dir='ltr'>vult</span> <span class='ocrx_word' id='word_1_153' title='bbox 279 2557 376 2636; x_wconf 88' lang='lat' dir='ltr'>atque</span> <span class='ocrx_word' id='word_1_154' title='bbox 400 2573 479 2633; x_wconf 87' lang='lat' dir='ltr'>„nee</span> <span class='ocrx_word' id='word_1_155' title='bbox 501 2553 664 2630; x_wconf 81' lang='lat' dir='ltr'>omnino“;</span> <span class='ocrx_word' id='word_1_156' title='bbox 690 2553 749 2620; x_wconf 90' lang='lat' dir='ltr'>sed</span> <span class='ocrx_word' id='word_1_157' title='bbox 763 2557 798 2619; x_wconf 92' lang='lat' dir='ltr'>ut</span> <span class='ocrx_word' id='word_1_158' title='bbox 812 2552 892 2618; x_wconf 88' lang='lat' dir='ltr'>nihii</span> <span class='ocrx_word' id='word_1_159' title='bbox 907 2552 1013 2620; x_wconf 88' lang='lat' dir='ltr'>dicam</span> <span class='ocrx_word' id='word_1_160' title='bbox 1029 2553 1070 2619; x_wconf 88' lang='lat' dir='ltr'>de</span> <span class='ocrx_word' id='word_1_161' title='bbox 1085 2553 1117 2619; x_wconf 86' lang='lat' dir='ltr'>vi</span> <span class='ocrx_word' id='word_1_162' title='bbox 1133 2553 1228 2620; x_wconf 89' lang='lat' dir='ltr'>huius</span> 
     </span>
     <span class='ocr_line' id='line_1_21' title="bbox 92 2649 1229 2742; baseline 0.003 -23"><span class='ocrx_word' id='word_1_163' title='bbox 92 2655 173 2736; x_wconf 89' lang='lat' dir='ltr'>ooli,</span> <span class='ocrx_word' id='word_1_164' title='bbox 200 2675 282 2739; x_wconf 86' lang='lat' dir='ltr'>qnae</span> <span class='ocrx_word' id='word_1_165' title='bbox 304 2664 433 2742; x_wconf 86' lang='lat' dir='ltr'>propter</span> <span class='ocrx_word' id='word_1_166' title='bbox 457 2656 629 2741; x_wconf 89' lang='lat' dir='ltr'>insequens</span> <span class='ocrx_word' id='word_1_167' title='bbox 653 2649 726 2724; x_wconf 76' lang='grc' dir='ltr'>οὐδ’</span> <span class='ocrx_word' id='word_1_168' title='bbox 753 2649 839 2733; x_wconf 79' lang='grc' dir='ltr'><strong><em>ὅλως</em></strong></span> <span class='ocrx_word' id='word_1_169' title='bbox 867 2655 958 2721; x_wconf 85' lang='lat' dir='ltr'>nulla</span> <span class='ocrx_word' id='word_1_170' title='bbox 986 2662 1053 2737; x_wconf 86' lang='lat' dir='ltr'>est,</span> <span class='ocrx_word' id='word_1_171' title='bbox 1085 2675 1126 2722; x_wconf 87' lang='lat' dir='ltr'>ea</span> <span class='ocrx_word' id='word_1_172' title='bbox 1156 2657 1229 2741; x_wconf 90' lang='lat' dir='ltr'>ipsa</span> 
     </span>
     <span class='ocr_line' id='line_1_22' title="bbox 93 2753 1228 2848; baseline 0.002 -27"><span class='ocrx_word' id='word_1_173' title='bbox 93 2757 262 2823; x_wconf 84' lang='lat' dir='ltr'>verborum</span> <span class='ocrx_word' id='word_1_174' title='bbox 294 2753 371 2825; x_wconf 82' lang='grc' dir='ltr'><strong><em>οὐδὲ</em></strong></span> <span class='ocrx_word' id='word_1_175' title='bbox 406 2753 513 2848; x_wconf 79' lang='grc' dir='ltr'><strong><em>ἀρχήν</em></strong></span> <span class='ocrx_word' id='word_1_176' title='bbox 546 2759 739 2846; x_wconf 85' lang='lat' dir='ltr'>significatio</span> <span class='ocrx_word' id='word_1_177' title='bbox 773 2779 793 2826; x_wconf 89' lang='lat' dir='ltr'>a</span> <span class='ocrx_word' id='word_1_178' title='bbox 822 2757 971 2844; x_wconf 77' lang='lat' dir='ltr'>Dionysii</span> <span class='ocrx_word' id='word_1_179' title='bbox 1000 2758 1228 2825; x_wconf 85' lang='lat' dir='ltr'>consuetudine</span> 
     </span>
     <span class='ocr_line' id='line_1_23' title="bbox 92 2854 1229 2948; baseline 0.001 -23"><span class='ocrx_word' id='word_1_180' title='bbox 92 2861 191 2943; x_wconf 89' lang='lat' dir='ltr'>plane</span> <span class='ocrx_word' id='word_1_181' title='bbox 213 2861 321 2928; x_wconf 84' lang='lat' dir='ltr'>aliena</span> <span class='ocrx_word' id='word_1_182' title='bbox 351 2869 410 2928; x_wconf 90' lang='lat' dir='ltr'>est.</span> <span class='ocrx_word' id='word_1_183' title='bbox 458 2863 569 2947; x_wconf 85' lang='lat' dir='ltr'>Itaque</span> <span class='ocrx_word' id='word_1_184' title='bbox 598 2863 640 2930; x_wconf 89' lang='lat' dir='ltr'>de</span> <span class='ocrx_word' id='word_1_185' title='bbox 664 2864 790 2946; x_wconf 82' lang='lat' dir='ltr'>integro</span> <span class='ocrx_word' id='word_1_186' title='bbox 819 2861 926 2948; x_wconf 88' lang='lat' dir='ltr'>potins</span> <span class='ocrx_word' id='word_1_187' title='bbox 955 2863 1120 2928; x_wconf 84' lang='lat' dir='ltr'>enuntiato</span> <span class='ocrx_word' id='word_1_188' title='bbox 1150 2854 1229 2927; x_wconf 79' lang='grc' dir='ltr'><strong><em>οὐδὲ</em></strong></span> 
     </span>
     <span class='ocr_line' id='line_1_24' title="bbox 94 2957 993 3054; baseline 0.006 -30"><span class='ocrx_word' id='word_1_189' title='bbox 94 2957 202 3049; x_wconf 79' lang='grc' dir='ltr'><strong><em>ἀρχὴν</em></strong></span> <span class='ocrx_word' id='word_1_190' title='bbox 225 2961 255 3029; x_wconf 89' lang='grc' dir='ltr'><strong><em>εί</em></strong></span> <span class='ocrx_word' id='word_1_191' title='bbox 277 2961 452 3052; x_wconf 80' lang='grc' dir='ltr'><strong><em>προείλετό</em></strong></span> <span class='ocrx_word' id='word_1_192' title='bbox 477 2989 553 3033; x_wconf 87' lang='grc' dir='ltr'><strong><em>τινα</em></strong></span> <span class='ocrx_word' id='word_1_193' title='bbox 575 2961 595 3054; x_wconf 81' lang='grc' dir='ltr'>ἢ</span> <span class='ocrx_word' id='word_1_194' title='bbox 617 2966 795 3031; x_wconf 86' lang='grc' dir='ltr'><strong><em>πολιτείαν</em></strong></span> <span class='ocrx_word' id='word_1_195' title='bbox 816 2962 993 3031; x_wconf 86' lang='lat' dir='ltr'>videamus.</span> 
     </span>
    </p>

    <p class='ocr_par' dir='ltr' id='par_1_7' title="bbox 93 3063 1232 3878">
     <span class='ocr_line' id='line_1_25' title="bbox 181 3063 1229 3152; baseline 0 -21"><span class='ocrx_word' id='word_1_196' title='bbox 181 3065 431 3152; x_wconf 83' lang='lat' dir='ltr'>Onm&#39;qnattuor</span> <span class='ocrx_word' id='word_1_197' title='bbox 452 3067 518 3136; x_wconf 88' lang='lat' dir='ltr'>sint</span> <span class='ocrx_word' id='word_1_198' title='bbox 539 3069 610 3135; x_wconf 85' lang='lat' dir='ltr'>cola</span> <span class='ocrx_word' id='word_1_199' title='bbox 631 3070 673 3135; x_wconf 87' lang='lat' dir='ltr'>ab</span> <span class='ocrx_word' id='word_1_200' title='bbox 697 3063 776 3134; x_wconf 78' lang='grc' dir='ltr'><strong><em>οὐδέ</em></strong></span> <span class='ocrx_word' id='word_1_201' title='bbox 796 3067 951 3133; x_wconf 83' lang='lat' dir='ltr'>vocabulo</span> <span class='ocrx_word' id='word_1_202' title='bbox 980 3063 1185 3151; x_wconf 77' lang='lat' dir='ltr'>incipientia,</span> <span class='ocrx_word' id='word_1_203' title='bbox 1210 3083 1229 3131; x_wconf 90' lang='lat' dir='ltr'>e</span> 
     </span>
     <span class='ocr_line' id='line_1_26' title="bbox 93 3163 1229 3254; baseline -0.002 -20"><span class='ocrx_word' id='word_1_204' title='bbox 93 3169 244 3254; x_wconf 82' lang='lat' dir='ltr'>Dionysii</span> <span class='ocrx_word' id='word_1_205' title='bbox 268 3170 301 3236; x_wconf 94' lang='lat' dir='ltr'>in</span> <span class='ocrx_word' id='word_1_206' title='bbox 324 3171 496 3238; x_wconf 78' lang='lat' dir='ltr'>enuntiatis</span> <span class='ocrx_word' id='word_1_207' title='bbox 520 3172 680 3238; x_wconf 80' lang='lat' dir='ltr'>struendis</span> <span class='ocrx_word' id='word_1_208' title='bbox 703 3163 932 3254; x_wconf 80' lang='lat' dir='ltr'>aequabilitate</span> <span class='ocrx_word' id='word_1_209' title='bbox 959 3189 1016 3254; x_wconf 89' lang='lat' dir='ltr'>pro</span> <span class='ocrx_word' id='word_1_210' title='bbox 1045 3175 1131 3234; x_wconf 88' lang='lat' dir='ltr'>certo</span> <span class='ocrx_word' id='word_1_211' title='bbox 1161 3167 1229 3232; x_wconf 83' lang='lat' dir='ltr'>iere</span> 
     </span>
     <span class='ocr_line' id='line_1_27' title="bbox 94 3271 1231 3359; baseline -0.002 -22"><span class='ocrx_word' id='word_1_212' title='bbox 94 3271 261 3338; x_wconf 84' lang='lat' dir='ltr'>habuerim</span> <span class='ocrx_word' id='word_1_213' title='bbox 283 3293 355 3340; x_wconf 90' lang='lat' dir='ltr'>enm</span> <span class='ocrx_word' id='word_1_214' title='bbox 376 3274 411 3340; x_wconf 93' lang='lat' dir='ltr'>in</span> <span class='ocrx_word' id='word_1_215' title='bbox 433 3275 526 3342; x_wconf 90' lang='lat' dir='ltr'>tertio</span> <span class='ocrx_word' id='word_1_216' title='bbox 542 3294 666 3359; x_wconf 87' lang='lat' dir='ltr'>qnoque</span> <span class='ocrx_word' id='word_1_217' title='bbox 684 3274 753 3340; x_wconf 91' lang='lat' dir='ltr'>colo</span> <span class='ocrx_word' id='word_1_218' title='bbox 776 3271 1010 3340; x_wconf 89' lang='lat' dir='ltr'>substantivum</span> <span class='ocrx_word' id='word_1_219' title='bbox 1034 3292 1074 3337; x_wconf 82' lang='lat' dir='ltr'>ex</span> <span class='ocrx_word' id='word_1_220' title='bbox 1089 3289 1231 3356; x_wconf 84' lang='lat' dir='ltr'>praepo-</span> 
     </span>
     <span class='ocr_line' id='line_1_28' title="bbox 94 3367 1231 3464; baseline 0 -24"><span class='ocrx_word' id='word_1_221' title='bbox 94 3376 212 3442; x_wconf 79' lang='lat' dir='ltr'>sitione</span> <span class='ocrx_word' id='word_1_222' title='bbox 235 3381 315 3463; x_wconf 82' lang='grc' dir='ltr'><strong><em>ττερί</em></strong></span> <span class='ocrx_word' id='word_1_223' title='bbox 336 3378 493 3464; x_wconf 90' lang='lat' dir='ltr'>pendens,</span> <span class='ocrx_word' id='word_1_224' title='bbox 521 3399 585 3444; x_wconf 92' lang='lat' dir='ltr'>non</span> <span class='ocrx_word' id='word_1_225' title='bbox 606 3377 764 3462; x_wconf 85' lang='lat' dir='ltr'>integrum</span> <span class='ocrx_word' id='word_1_226' title='bbox 787 3376 985 3443; x_wconf 85' lang='lat' dir='ltr'>enuntiatum</span> <span class='ocrx_word' id='word_1_227' title='bbox 1014 3367 1101 3458; x_wconf 73' lang='grc' dir='ltr'><strong><em>(οὐδὲ</em></strong></span> <span class='ocrx_word' id='word_1_228' title='bbox 1125 3367 1231 3461; x_wconf 79' lang='grc' dir='ltr'><strong><em>ἀρχὴν</em></strong></span> 
     </span>
     <span class='ocr_line' id='line_1_29' title="bbox 95 3477 1231 3569; baseline -0.001 -24"><span class='ocrx_word' id='word_1_229' title='bbox 95 3479 125 3545; x_wconf 90' lang='grc' dir='ltr'><strong><em>ιί</em></strong></span> <span class='ocrx_word' id='word_1_230' title='bbox 148 3478 327 3566; x_wconf 85' lang='grc' dir='ltr'><strong><em>προείλετό</em></strong></span> <span class='ocrx_word' id='word_1_231' title='bbox 349 3504 425 3548; x_wconf 88' lang='grc' dir='ltr'><strong><em>τινα</em></strong></span> <span class='ocrx_word' id='word_1_232' title='bbox 448 3477 467 3569; x_wconf 83' lang='grc' dir='ltr'><em>ἢ</em></span> <span class='ocrx_word' id='word_1_233' title='bbox 489 3482 674 3566; x_wconf 85' lang='grc' dir='ltr'><strong><em>πολιτείαν)</em></strong></span> <span class='ocrx_word' id='word_1_234' title='bbox 696 3480 889 3566; x_wconf 88' lang='lat' dir='ltr'>scripturum</span> <span class='ocrx_word' id='word_1_235' title='bbox 911 3477 1024 3554; x_wconf 81' lang='lat' dir='ltr'>fuisse,</span> <span class='ocrx_word' id='word_1_236' title='bbox 1050 3499 1122 3544; x_wconf 88' lang='lat' dir='ltr'>oum</span> <span class='ocrx_word' id='word_1_237' title='bbox 1137 3497 1231 3563; x_wconf 81' lang='lat' dir='ltr'>prae-</span> 
     </span>
     <span class='ocr_line' id='line_1_30' title="bbox 95 3579 1231 3667; baseline -0.004 -17"><span class='ocrx_word' id='word_1_238' title='bbox 95 3585 208 3650; x_wconf 78' lang='lat' dir='ltr'>sertim</span> <span class='ocrx_word' id='word_1_239' title='bbox 231 3584 290 3652; x_wconf 90' lang='lat' dir='ltr'>hoo</span> <span class='ocrx_word' id='word_1_240' title='bbox 311 3584 403 3652; x_wconf 90' lang='lat' dir='ltr'>colon</span> <span class='ocrx_word' id='word_1_241' title='bbox 425 3605 490 3652; x_wconf 92' lang='lat' dir='ltr'>non</span> <span class='ocrx_word' id='word_1_242' title='bbox 504 3584 651 3651; x_wconf 91' lang='lat' dir='ltr'>ultimum</span> <span class='ocrx_word' id='word_1_243' title='bbox 673 3584 780 3651; x_wconf 89' lang='lat' dir='ltr'>locum</span> <span class='ocrx_word' id='word_1_244' title='bbox 801 3588 919 3649; x_wconf 87' lang='lat' dir='ltr'>teneat.</span> <span class='ocrx_word' id='word_1_245' title='bbox 958 3580 1010 3646; x_wconf 85' lang='lat' dir='ltr'>Ad</span> <span class='ocrx_word' id='word_1_246' title='bbox 1023 3579 1108 3648; x_wconf 84' lang='lat' dir='ltr'>hanc</span> <span class='ocrx_word' id='word_1_247' title='bbox 1123 3581 1231 3667; x_wconf 86' lang='lat' dir='ltr'>suspi-</span> 
     </span>
     <span class='ocr_line' id='line_1_31' title="bbox 95 3684 1232 3772; baseline -0.004 -18"><span class='ocrx_word' id='word_1_248' title='bbox 95 3688 201 3754; x_wconf 89' lang='lat' dir='ltr'>cionis</span> <span class='ocrx_word' id='word_1_249' title='bbox 223 3707 354 3756; x_wconf 85' lang='lat' dir='ltr'>oausam</span> <span class='ocrx_word' id='word_1_250' title='bbox 375 3709 394 3756; x_wconf 90' lang='lat' dir='ltr'>e</span> <span class='ocrx_word' id='word_1_251' title='bbox 415 3690 583 3756; x_wconf 82' lang='lat' dir='ltr'>verborum</span> <span class='ocrx_word' id='word_1_252' title='bbox 611 3695 770 3755; x_wconf 87' lang='lat' dir='ltr'>structura</span> <span class='ocrx_word' id='word_1_253' title='bbox 797 3685 929 3772; x_wconf 83' lang='lat' dir='ltr'>petitam</span> <span class='ocrx_word' id='word_1_254' title='bbox 958 3685 1024 3750; x_wconf 87' lang='lat' dir='ltr'>alia</span> <span class='ocrx_word' id='word_1_255' title='bbox 1052 3684 1176 3752; x_wconf 85' lang='lat' dir='ltr'>aceedit</span> <span class='ocrx_word' id='word_1_256' title='bbox 1199 3690 1232 3750; x_wconf 88' lang='lat' dir='ltr'>et</span> 
     </span>
     <span class='ocr_line' id='line_1_32' title="bbox 96 3788 1022 3878; baseline -0.005 -20"><span class='ocrx_word' id='word_1_257' title='bbox 96 3791 228 3878; x_wconf 82' lang='lat' dir='ltr'>gravior</span> <span class='ocrx_word' id='word_1_258' title='bbox 248 3798 281 3858; x_wconf 89' lang='lat' dir='ltr'>et</span> <span class='ocrx_word' id='word_1_259' title='bbox 301 3812 384 3877; x_wconf 86' lang='lat' dir='ltr'>qnae</span> <span class='ocrx_word' id='word_1_260' title='bbox 406 3791 477 3858; x_wconf 85' lang='lat' dir='ltr'>sola</span> <span class='ocrx_word' id='word_1_261' title='bbox 497 3791 715 3876; x_wconf 85' lang='lat' dir='ltr'>quaestionem</span> <span class='ocrx_word' id='word_1_262' title='bbox 738 3789 888 3857; x_wconf 86' lang='lat' dir='ltr'>dirimere</span> <span class='ocrx_word' id='word_1_263' title='bbox 910 3788 1022 3874; x_wconf 86' lang='lat' dir='ltr'>possit.</span> 
     </span>
    </p>
   </div>
   <div class='ocr_carea' id='block_1_6' title="bbox 98 3905 1233 4438">
    <p class='ocr_par' dir='ltr' id='par_1_8' title="bbox 98 3905 1233 4438">
     <span class='ocr_line' id='line_1_33' title="bbox 184 3905 1231 3999; baseline -0.007 -21"><span class='ocrx_word' id='word_1_264' title='bbox 184 3913 292 3980; x_wconf 86' lang='lat' dir='ltr'>Verba</span> <span class='ocrx_word' id='word_1_265' title='bbox 314 3907 391 3979; x_wconf 78' lang='grc' dir='ltr'>οὐδὲ</span> <span class='ocrx_word' id='word_1_266' title='bbox 415 3905 520 3999; x_wconf 74' lang='grc' dir='ltr'><strong><em>ἀρχὴν</em></strong></span> <span class='ocrx_word' id='word_1_267' title='bbox 540 3951 584 3961; x_wconf 97' lang='grc'>-</span> <span class='ocrx_word' id='word_1_268' title='bbox 606 3911 783 3978; x_wconf 85' lang='grc' dir='ltr'><strong><em>πολιτείαν</em></strong></span> <span class='ocrx_word' id='word_1_269' title='bbox 805 3929 997 3994; x_wconf 84' lang='lat' dir='ltr'>quamquam</span> <span class='ocrx_word' id='word_1_270' title='bbox 1016 3915 1125 3994; x_wconf 86' lang='lat' dir='ltr'>aperte</span> <span class='ocrx_word' id='word_1_271' title='bbox 1146 3905 1231 3973; x_wconf 92' lang='lat' dir='ltr'>idem</span> 
     </span>
     <span class='ocr_line' id='line_1_34' title="bbox 98 4009 1233 4100; baseline -0.009 -17"><span class='ocrx_word' id='word_1_272' title='bbox 98 4017 160 4084; x_wconf 88' lang='lat' dir='ltr'>sibi</span> <span class='ocrx_word' id='word_1_273' title='bbox 198 4017 343 4081; x_wconf 89' lang='lat' dir='ltr'>volunt</span> <span class='ocrx_word' id='word_1_274' title='bbox 372 4023 469 4098; x_wconf 90' lang='lat' dir='ltr'>atque</span> <span class='ocrx_word' id='word_1_275' title='bbox 504 4014 648 4100; x_wconf 89' lang='lat' dir='ltr'>proxime</span> <span class='ocrx_word' id='word_1_276' title='bbox 682 4009 910 4100; x_wconf 83' lang='lat' dir='ltr'>praecedentia</span> <span class='ocrx_word' id='word_1_277' title='bbox 942 4009 1022 4098; x_wconf 79' lang='grc' dir='ltr'><strong><em>περὶ</em></strong></span> <span class='ocrx_word' id='word_1_278' title='bbox 1055 4013 1113 4094; x_wconf 70' lang='grc' dir='ltr'><strong><em>τῆς</em></strong></span> <span class='ocrx_word' id='word_1_279' title='bbox 1146 4030 1233 4095; x_wconf 87' lang='grc' dir='ltr'><strong><em>προ-</em></strong></span> 
     </span>
     <span class='ocr_line' id='line_1_35' title="bbox 173 4193 1231 4277; baseline -0.01 -18"><span class='ocrx_word' id='word_1_280' title='bbox 173 4207 189 4268; x_wconf 78' lang='lat'>¹)</span> <span class='ocrx_word' id='word_1_281' title='bbox 210 4204 333 4277; x_wconf 74' lang='grc' dir='ltr'><strong><em>μηδεμιᾷ</em></strong></span> <span class='ocrx_word' id='word_1_282' title='bbox 346 4201 461 4272; x_wconf 66' lang='grc' dir='ltr'><strong><em>λίπος,</em></strong></span> <span class='ocrx_word' id='word_1_283' title='bbox 482 4203 608 4273; x_wconf 78' lang='lat' dir='ltr'>spicileg.</span> <span class='ocrx_word' id='word_1_284' title='bbox 624 4201 740 4257; x_wconf 85' lang='lat' dir='ltr'>oonieot.</span> <span class='ocrx_word' id='word_1_285' title='bbox 761 4215 789 4268; x_wconf 91' lang='lat' dir='ltr'>p.</span> <span class='ocrx_word' id='word_1_286' title='bbox 803 4201 852 4252; x_wconf 80' lang='lat' dir='ltr'>td:</span> <span class='ocrx_word' id='word_1_287' title='bbox 872 4196 943 4269; x_wconf 74' lang='grc' dir='ltr'>μηδὲ</span> <span class='ocrx_word' id='word_1_288' title='bbox 960 4195 1056 4262; x_wconf 87' lang='lat' dir='ltr'>codd.;</span> <span class='ocrx_word' id='word_1_289' title='bbox 1077 4193 1114 4251; x_wconf 82' lang='lat' dir='ltr'>ei.</span> <span class='ocrx_word' id='word_1_290' title='bbox 1129 4211 1156 4264; x_wconf 91' lang='lat' dir='ltr'>p.</span> <span class='ocrx_word' id='word_1_291' title='bbox 1164 4196 1231 4248; x_wconf 81' lang='grc' dir='ltr'>45οι</span> 
     </span>
     <span class='ocr_line' id='line_1_36' title="bbox 100 4279 898 4362; baseline -0.009 -17"><span class='ocrx_word' id='word_1_292' title='bbox 100 4289 154 4359; x_wconf 78' lang='grc' dir='ltr'><strong><em>λγιὶι</em></strong></span> <span class='ocrx_word' id='word_1_293' title='bbox 172 4293 246 4360; x_wconf 80' lang='grc' dir='ltr'><strong><em>χοῦν</em></strong></span> <span class='ocrx_word' id='word_1_294' title='bbox 263 4287 383 4362; x_wconf 73' lang='grc' dir='ltr'><strong><em>οὐδεμιᾷ</em></strong></span> <span class='ocrx_word' id='word_1_295' title='bbox 401 4285 513 4360; x_wconf 74' lang='grc' dir='ltr'><strong><em>τοιαύτῃ</em></strong></span> <span class='ocrx_word' id='word_1_296' title='bbox 532 4284 689 4359; x_wconf 80' lang='grc' dir='ltr'><strong><em>περιτυχὼν</em></strong></span> <span class='ocrx_word' id='word_1_297' title='bbox 706 4279 771 4340; x_wconf 78' lang='lat' dir='ltr'>olda</span> <span class='ocrx_word' id='word_1_298' title='bbox 788 4285 898 4356; x_wconf 69' lang='grc' dir='ltr'><strong><em>γραφῇ.</em></strong></span> 
     </span>
     <span class='ocr_line' id='line_1_37' title="bbox 993 4386 1024 4438; baseline 0.065 -2"><span class='ocrx_word' id='word_1_299' title='bbox 993 4386 1024 4438; x_wconf 80' lang='grc'>13</span> 
     </span>
    </p>
   </div>
   <div class='ocr_carea' id='block_1_7' title="bbox 0 0 1506 4884">
    <p class='ocr_par' dir='ltr' id='par_1_9' title="bbox 0 0 1506 4884">
     <span class='ocr_line' id='line_1_38' title="bbox 0 0 1506 4884; baseline 0 0"><span class='ocrx_word' id='word_1_300' title='bbox 0 0 1506 4884; x_wconf 95' lang='lat' dir='ltr'> </span> 
     </span>
    </p>
   </div>
  </div>
 </body>
</html>
