2998 4896
272 331 316 395 ee
661 261 667 276 ι
709 371 750 380 -
798 329 893 415 [eso]
941 369 981 412 Τ

273 527 432 593 simillimo
464 527 642 592 doctrinam
674 548 762 592 suam
794 526 936 592 hausisse
968 525 1028 592 hoo
1059 525 1128 610 ipso
1160 523 1229 589 loco
1260 525 1418 600 docemur,
1490 531 1491 546 *

273 627 346 711 υίὸς
368 626 553 711 Ἀσπασίας
579 633 672 700 nobis
698 633 858 710 uenditat‚
885 638 991 698 tamen
1019 632 1188 717 genuinam
1211 630 1278 696 fere
1300 631 1419 695 Suidae

272 741 462 824 scripturam
485 747 645 807 senratom
666 740 768 807 uideri
792 740 951 806 codicibus
970 739 1084 804 AVBE
1107 735 1158 803 cte
1176 731 1345 803 Ἀσπασία
1367 759 1419 801 sn·
1490 765 1491 840 p

272 848 412 932 spicatus
439 853 488 912 est
515 847 752 914 Studemundus
778 848 812 912 in
840 847 968 912 scholis:
999 843 1050 910 υἱὲ
1078 847 1161 912 enim
1188 845 1222 910 in
1248 844 1420 928 archetypo
1490 841 1491 888 ί

273 954 390 1020 Suidae
413 954 505 1019 lexici
528 955 632 1020 uideri
655 975 692 1019 eo
717 953 862 1020 effectum
881 975 958 1031 esse,
981 954 1066 1037 quod
1084 975 1142 1037 pro
1161 952 1293 1036 integris
1311 951 1421 1016 uerbis

273 1063 394 1146 primae
412 1067 537 1127 tentum
556 1060 683 1126 litterae
701 1049 730 1128 ci
748 1058 772 1126 ί.
793 1062 841 1148 (id
860 1067 908 1126 est
926 1049 955 1146 ᾧ
975 1055 1139 1146 ἐγαμήθη)
1155 1061 1291 1142 scriptae
1305 1067 1420 1124 essent.

273 1167 334 1234 Hic
364 1190 432 1234 mos
463 1169 596 1235 notandi
623 1190 686 1233 non
714 1168 929 1252 perscribendi
958 1167 1057 1234 uerba
1084 1167 1160 1232 olim
1187 1165 1251 1232 lete
1278 1166 1422 1249 potuisse

273 1275 401 1341 uidetur
424 1282 456 1341 et
478 1277 563 1360 opud
588 1275 724 1342 Graecos
746 1275 932 1341 scholiastes
956 1280 989 1340 ct
1010 1275 1095 1358 apud
1118 1273 1286 1350 Romanos,
1309 1293 1422 1356 qusm-

274 1404 368 1466 quam
399 1382 502 1446 adhuc
532 1383 595 1448 uiri
628 1383 713 1448 docti
744 1383 828 1448 hunc
859 1403 978 1447 morem
1005 1381 1138 1447 notandi
1165 1381 1264 1446 multo
1292 1381 1422 1464 saepius
1490 1387 1491 1458 ξ

273 1489 567 1556 animaduerterunt
592 1491 626 1554 in
653 1490 813 1558 codicibus
836 1489 959 1554 Latinis
982 1489 1132 1572 quentin
1155 1487 1292 1554 Graccis.

799 1721 894 1804 sse.
999 1783 1000 1787 e

363 1881 462 1947 Venio
481 1883 523 1946 eri
542 1904 595 1948 cos
615 1884 709 1960 locor,
728 1883 841 1967 quibus
862 1882 1061 1965 utriusque
1080 1881 1248 1947 codicum
1268 1885 1424 1966 generis

274 1994 306 2054 et
329 1989 377 2052 ΙίῑΒ
402 1995 434 2053 et
459 1987 543 2053 Vitii
566 1989 687 2054 scholia
709 1989 876 2055 coniuncta
899 1989 982 2073 apud
1003 1987 1134 2054 Suidem
1156 1987 1313 2070 leguntur.
1352 1987 1424 2053 Μο-

274 2097 344 2160 nuit
363 2095 446 2160 enim
464 2096 528 2161 iarn
546 2096 778 2180 Bernhardyus,
789 2097 815 2180 ¹)
839 2116 904 2160 nore
922 2096 1046 2160 mirrirrrr'
1065 2115 1128 2158 esse
1146 2096 1301 2173 rrrorrrerrtr',
1323 2097 1423 2175 quod,
1490 2119 1491 2156 1

274 2223 357 2283 quoe
379 2203 509 2266 seorsim
532 2207 589 2265 σαί
609 2202 640 2266 R
662 2207 806 2268 seruaret
825 2207 882 2266 σαί
908 2201 944 2279 V,
964 2225 1001 2266 eo
1020 2202 1187 2282 confertim
1205 2201 1328 2265 Sor'dos
1340 2223 1424 2282 pro-

273 2308 359 2372 deret
377 2313 406 2371 er
425 2309 529 2373 eerbr's
547 2309 688 2374 traderet
707 2310 884 2373 uberrimis.
932 2309 1029 2374 Cuius
1052 2309 1176 2392 generis
1194 2327 1297 2392 pauca
1315 2329 1424 2373 exem-

273 2415 329 2500 pla
350 2415 403 2480 hio
424 2435 561 2500 ponsmp
575 2417 663 2482 uelut
685 2417 727 2482 ad
750 2439 776 2482 v.
799 2417 855 2480 99:
1490 2393 1491 2420 ί

275 2539 296 2606 S
316 2563 338 2604 s.
353 2541 394 2623 gl.
408 2536 618 2606 Καταπάσω·
825 2542 866 2606 R:
1215 2539 1284 2608 V63

274 2651 506 2712 καταποικιίῶ
538 2651 618 2735 πλη·
673 2651 904 2714 καταποικιλῶ
1216 2667 1276 2710 om.

274 2747 375 2840 ρώσω
449 2775 507 2822 om.
816 2778 876 2822 om.
1073 2749 1256 2841 πληρώσω,
1288 2754 1424 2837 γεμίσω.
1490 2811 1491 2822 ,

364 2878 414 2942 Ad
437 2901 464 2942 v.
491 2881 545 2946 10:
1351 2959 1354 2964 .

303 2983 324 3050 S
344 3008 368 3052 8.
386 2986 427 3068 gt
450 2989 507 3051 Μῦ
529 2995 587 3071 μῦ·
827 2985 868 3053 R:
1216 2985 1287 3049 VO:

1070 3085 1315 3178 Ὁμοφσνοῦσιν
1362 3083 1424 3174 ἆμ-

419 3220 478 3264 om.
1075 3195 1214 3284 φότεροι
1245 3193 1423 3282 μύζσντες·

1075 3313 1177 3372 τοῦτο
1193 3305 1228 3370 δὲ
1240 3297 1286 3381 ὡς
1296 3309 1425 3391 θρηνη-

397 3407 467 3476 ἔστι
491 3411 526 3478 et
550 3410 584 3477 ία
608 3455 620 3464 ·
819 3438 877 3481 om.
1076 3408 1185 3479 τικόν·
1211 3407 1280 3476 ἔστι
1298 3409 1335 3475 δὲ
1350 3409 1425 3494 ἴαμ-

275 3524 334 3601 βος
366 3514 452 3603 ἔχων
488 3510 529 3584 τὸ
561 3520 622 3604 μὲν
1075 3525 1133 3602 βος
1165 3513 1251 3602 ἔχων
1288 3509 1327 3582 τὸ
1360 3517 1425 3602 μὲν

275 3632 415 3712 πρῶτον
441 3648 487 3710 μυ
509 3619 622 3712 βραχὺ,
1075 3633 1216 3714 πρῶτον
1237 3618 1353 3710 βραχὺ,
1384 3616 1424 3689 τὸ

276 3724 315 3798 τὸ
336 3732 371 3799 δὲ
391 3727 550 3819 δεύτερον
563 3757 622 3818 μα-
822 3761 830 3775 ·
1076 3723 1424 3819 δὲδεύτεροαμακρόν.

276 3835 374 3926 κρόν·
399 3847 501 3906 τοῦτο
522 3840 557 3905 δὲ
578 3833 623 3917 ὡς
976 3834 1022 3918 ὡς

277 3952 493 4034 θρηνοῦντες.
650 3992 652 4020 1
678 3955 894 4036 θρηνοῦντες.

278 4073 312 4137 [n
345 4073 403 4136 Ve
431 4073 528 4156 igitur
556 4075 655 4140 uerba
682 4067 728 4152 ὡς
756 4065 963 4162 θρηνητικὸν
991 4075 1036 4140 eis
1064 4072 1254 4156 respondent
1281 4091 1363 4154 quse
1394 4072 1426 4134 in

162 4233 164 4238 .
277 4180 313 4246 S·
336 4187 369 4246 ct
392 4181 431 4244 [c
454 4183 603 4266 leguntur
627 4173 673 4259 ὡς
696 4187 912 4266 θρηνοῦντες.

279 4329 382 4336 ——---—
399 4329 490 4336 ,—....-.

353 4398 371 4463 ¹)
391 4397 552 4452 Gommcntt.
572 4395 606 4450 de
626 4394 727 4452 Suidee
747 4393 836 4449 lexico
856 4409 900 4464 pg.
920 4395 980 4450 481.
