3010 4896
506 341 550 352 -
595 303 691 387 [115]
738 342 779 352 -
1173 302 1212 369 19

158 497 249 564 Idem
277 498 374 582 igitur
400 498 542 564 referunt
570 499 610 565 de
637 501 782 564 contione
812 498 1003 576 Andocides,
1029 499 1215 583 Xenophon,

82 603 222 682 lustinus,
243 604 440 682 Plutarchus,
462 607 523 670 nisi
546 606 630 691 quod
653 605 701 670 illi
723 611 797 671 ante
819 615 929 690 paoem
947 605 1123 672 conclusam
1146 627 1214 673 eam

81 709 216 777 habitam
238 733 306 778 esse
329 718 468 790 narrant,
495 712 683 778 Plutarchus
705 713 785 779 adeo
811 719 884 797 post
906 711 1061 797 Lysandri
1084 713 1124 778 de
1146 736 1215 779 mu-

81 821 171 886 hodo
198 820 330 903 imperio
356 819 503 903 populari
530 819 669 886 consilia
719 818 825 903 Atque
852 841 923 885 oum
953 839 1056 903 neque
1083 821 1215 905 eogitari

81 927 173 1008 possit
194 947 272 1010 pace
295 928 357 992 iam
381 927 465 992 lacta
488 929 666 992 contionem
688 926 833 992 habitam
855 947 936 1005 esee,
958 949 1023 1011 qua
1045 927 1214 994 Thebanus

81 1035 202 1117 quidam
228 1034 429 1118 proposuerit
455 1025 495 1099 τὸ
518 1033 579 1118 μὲν
603 1027 687 1100 ἄστυ
710 1029 933 1116 κατασκάψαι,
960 1026 1022 1121 τὴν
1045 1035 1081 1100 δὲ
1101 1031 1217 1121 χώραν

82 1132 203 1206 ἀνεῖναι
225 1136 424 1228 μηλόβοτον,
448 1161 506 1208 nec
528 1141 568 1206 do
590 1141 692 1207 altera
709 1141 1028 1208 Lacedaemoniorum
1046 1144 1216 1208 sociorum·

81 1269 134 1331 que
157 1251 303 1315 contione
321 1249 496 1332 quidquam
517 1247 672 1314 traditum
693 1249 745 1326 sit,
768 1249 822 1326 eis,
845 1249 900 1332 qui
924 1249 1017 1314 istam
1037 1249 1214 1316 contionem

82 1363 143 1420 tum
173 1355 317 1421 habitam
348 1361 493 1433 nument,
520 1376 591 1422 cum
617 1356 657 1421 do
689 1375 766 1439 pace
793 1355 993 1421 concedenda
1024 1355 1215 1423 dehberare-

82 1469 137 1538 tur,
158 1463 234 1528 eolis
261 1461 340 1530 fides
362 1462 509 1528 habenda
536 1469 597 1540 est,
623 1463 810 1546 praesertim
837 1483 921 1540 cum,
948 1463 1031 1528 unde
1054 1462 1216 1529 Plutarchi

82 1591 164 1635 error
189 1575 317 1636 exortus
344 1572 398 1648 sit,
425 1591 489 1636 non
516 1567 644 1635 difficile
670 1570 713 1635 sit
740 1569 911 1636 intellectu.
956 1569 1112 1635 Nimirum
1139 1571 1216 1654 quin

83 1675 263 1744 Plutarchus
286 1677 408 1742 duobus
427 1697 465 1741 er
487 1677 628 1742 lontibus
650 1677 864 1742 narrationem
882 1677 1124 1754 concinnaverit,
1146 1677 1216 1742 nul-

83 1783 126 1848 lm
148 1785 273 1863 dubito;
296 1807 334 1850 ac
355 1791 441 1850 recte
460 1782 674 1850 Stedefeldtus
696 1805 725 1867 p.
745 1783 788 1854 32
809 1783 918 1867 priora
934 1782 1032 1849 verba
1054 1805 1153 1868 usque
1174 1783 1216 1849 ad

85 1886 162 1956 ἔνιοι
189 1887 223 1957 δέ
252 1907 355 1974 φασιν
382 1913 399 1956 ο
422 1889 626 1975 Theopompo
652 1890 768 1956 hausta
789 1889 870 1967 vult,
897 1888 995 1956 rerba
1021 1890 1095 1955 inde
1117 1911 1216 1974 usque

84 1999 120 2062 ad
151 1997 243 2064 finem
275 2019 313 2063 ex
340 1996 476 2082 Ephoro.
528 1997 619 2076 Quod
646 1999 673 2062 si
700 2003 856 2074 tenemus,
887 1996 1093 2063 Plutarchum
1119 2003 1217 2064 testes

84 2125 151 2170 suos
176 2104 256 2172 salso
283 2105 491 2182 coniunxisse,
518 2107 564 2170 ita
590 2111 627 2169 ut
653 2104 884 2188 quodammodo
912 2105 951 2170 de
978 2105 1096 2170 eisdem
1122 2104 1217 2169 rebus

85 2210 129 2276 bis
154 2211 300 2295 deinceps
327 2217 490 2295 tamquam
516 2217 659 2295 tempore
686 2211 834 2277 seiunctis
861 2211 1058 2294 loqueretur,
1089 2211 1152 2276 iam
1184 2211 1217 2276 in

85 2325 188 2401 aperto
205 2325 260 2384 est.
299 2317 346 2384 Ac
368 2320 395 2384 si
417 2319 468 2383 cui
491 2318 655 2402 scrupulus
676 2323 786 2394 restat,
807 2317 868 2384 hoc
886 2337 1010 2402 quoque
1031 2319 1218 2394 consideret,

85 2433 118 2488 ut
142 2427 223 2510 apud
249 2425 377 2511 Lysiam
400 2425 490 2512 (XII,
518 2425 560 2490 72
583 2424 645 2512 sq.)
672 2424 720 2490 ita
745 2425 830 2508 apud
858 2423 1032 2490 Diodorum
1059 2425 1158 2510 (xlv,
1181 2424 1217 2508 3)

86 2553 145 2596 una
165 2534 308 2599 contione
331 2532 503 2616 eodemque
526 2531 578 2598 die
600 2531 796 2616 Lysandrum
815 2529 1060 2597 Atheniensibus
1083 2530 1218 2598 foederis

87 2639 186 2703 violati
206 2640 362 2705 accusatis
384 2640 523 2722 gravitm
544 2639 699 2703 minatum
718 2659 785 2704 ease
803 2643 835 2703 et
858 2637 1006 2713 effecisse,
1028 2644 1065 2702 ut
1086 2638 1219 2722 triginta

88 2747 141 2809 riri
158 2747 406 2822 instituerentur,
419 2767 489 2811 cum
504 2744 692 2812 Plutarchus
711 2746 794 2810 inter
811 2744 883 2811 illas
900 2746 1001 2810 minas
1019 2749 1052 2808 et
1069 2751 1218 2829 tyrannos

90 2859 198 2918 creatm
225 2855 404 2919 contionem
431 2873 520 2918 suam
551 2851 751 2918 intermittat.
802 2851 848 2917 Ut
874 2850 1080 2917 concedamus
1113 2850 1219 2935 igitur,
1310 2857 1315 2872 '

89 2956 282 3025 Plutarchum
305 2959 447 3043 quidem,
469 2981 540 3025 cum
563 2981 580 3024 e
604 2958 745 3024 fontibus
768 2959 849 3024 male
871 2958 1041 3024 intellectis
1063 2979 1121 3024 sua
1143 2979 1218 3024 con-

90 3065 232 3144 cinnaret,
265 3067 400 3132 similem
430 3073 526 3154 atque
558 3065 685 3132 Curtius
717 3071 750 3130 et
777 3064 940 3131 Scheibius
973 3067 1082 3130 volunt
1114 3086 1218 3132 rerum

91 3179 235 3254 gestarum
259 3173 403 3240 ordinem
425 3172 560 3250 flamme,
583 3172 711 3258 Ephoro
733 3179 839 3237 tamen
857 3177 995 3249 auctore,
1018 3171 1105 3238 cuius
1125 3171 1219 3236 verba

92 3299 244 3363 perperam
272 3282 498 3366 interpretatus
521 3286 570 3346 est
596 3278 797 3357 Plutarchus,
825 3275 962 3344 efficitur
984 3299 1090 3344 muros
1116 3277 1219 3364 aLy-

95 3387 195 3453 sandro
217 3389 340 3456 dirutos
363 3408 520 3471 navesque
543 3385 721 3453 combustas
739 3407 807 3452 esse
830 3384 1110 3451 interceptionem
1132 3385 1219 3450 illam

95 3489 212 3574 Spartae
239 3494 383 3560 habitam
409 3493 603 3578 trigintaque
626 3493 709 3558 viros
731 3492 902 3558 institutos.

168 3600 274 3668 Nihilo
305 3607 410 3666 autem
438 3603 536 3667 satius
566 3600 631 3666 alia
661 3621 731 3666 cum
759 3597 905 3664 Scheibio
933 3597 1037 3662 facere
1064 3596 1218 3664 videntur.

94 3701 247 3772 Plutarcho
271 3707 354 3772 enim
376 3713 467 3784 teste,
489 3714 527 3773 ut
549 3727 645 3791 supra
667 3706 811 3782 vidimus,
833 3704 996 3789 Lysander
1018 3702 1219 3771 Atheniensi·

96 3807 147 3875 bus
168 3814 249 3878 diem
282 3814 501 3890 constituerat,
532 3834 629 3898 usque
657 3814 698 3879 ad
730 3832 823 3897 quem
851 3812 934 3877 diem
966 3833 1071 3876 muros
1099 3812 1220 3878 deletos

101 3981 292 3993 -““---

98 4087 227 4163 χρήσηται,
249 4097 365 4168 θηβαῖοι
383 4093 437 4164 μὲν
454 4091 615 4168 μηλόβοτον
633 4090 742 4150 ἀνεῖναι
757 4087 971 4166 συνεβούλευον,
995 4095 1106 4158 Φωκεῖς
1124 4092 1154 4148 db
1173 4089 1220 4148 dv·

99 4187 304 4238 recrescentem.
341 4183 376 4239 cl.
399 4184 535 4254 Sauppins
554 4183 603 4240 OA
626 4185 653 4240 11
675 4201 702 4254 p.
721 4186 782 4240 262.
828 4183 872 4239 Ad
899 4182 1064 4238 Erianthum
1092 4187 1221 4253 spectant

101 4269 173 4324 verba
188 4272 301 4343 Lycurgi
324 4272 455 4329 orationis
477 4279 573 4329 contra
591 4274 753 4329 Leocratem
776 4272 889 4328 habitae
912 4272 998 4338 §145
1021 4264 1035 4325 d
1059 4266 1221 4344 μηλόβοτον

103 4349 147 4422 τὴν
162 4353 274 4431 ἔπικὴν
292 4354 363 4418 εἶναι
382 4365 492 4439 φανερᾷ
510 4366 545 4434 τῇ
564 4357 653 4436 ψήφῳ
672 4357 953 4433 καταψηφισάμενος.

1024 4450 1061 4502 2*
