3010 4896
498 275 537 284 -
587 237 682 320 [ια]
731 275 799 286 -ι
1164 237 1206 302 ει

73 430 123 495 ille
138 429 301 496 uilioribns
320 438 352 497 et
370 431 600 497 sordidioribus
612 433 720 498 uerbis
735 432 861 499 Cleonis
875 434 1050 498 cretionem
1065 433 1207 516 excipere

74 543 106 600 et
125 538 319 621 impudentia
340 560 499 621 superare,
521 538 559 604 ci.
583 560 629 604 vu.
653 539 719 604 285
744 539 808 605 286

325 665 414 746 Παφ.
438 659 689 751 καταβοήσομαι
711 667 804 745 βοῶν
825 679 869 730 σε.

326 773 406 836 Αλλ
429 766 721 857 κατακεκράξομαί
744 790 780 837 σε
803 766 946 855 κράζων.

74 893 175 977 ltaque
198 916 269 960 cum
291 891 423 980 γρύζειν
447 918 508 961 uox
531 894 691 980 plebeium
714 897 818 980 sepiat
835 916 1010 960 sermonem
1028 896 1208 978 optimeque

74 1002 199 1084 qusdret
229 1003 272 1068 ad
303 1000 463 1068 sordidum
494 1024 605 1068 uocem
632 997 898 1089 κοπροφορήσω,
931 1001 1010 1066 duce
1037 1021 1074 1066 eo
1101 1001 1208 1066 codice

75 1107 286 1193 Aristophanis
313 1107 494 1193 deperdito,
520 1132 583 1194 quo
611 1108 725 1177 Suidas
753 1108 904 1175 utebatur
934 1108 1106 1194 (consentit
1138 1128 1208 1173 cum

75 1213 163 1280 Suida
185 1216 397 1294 Pheuoriuus,
420 1217 474 1300 qui
496 1217 581 1283 hunc
604 1217 797 1301 exscripsit),
824 1237 888 1281 non
910 1215 1016 1298 inepte
1039 1213 1208 1298 suspiceris

75 1323 150 1405 apud
168 1323 413 1408 Aristophanem
432 1325 668 1408 transponenda
687 1343 754 1388 esse
772 1323 828 1388 ille
845 1321 945 1387 uerba
960 1319 990 1385 εἲ
1001 1342 1035 1385 τι
1048 1315 1207 1407 γρύξει(ς)

76 1433 103 1491 ct
124 1426 150 1492 el
171 1425 331 1516 λαλήσεις.
378 1429 441 1496 Sed
464 1453 534 1496 curn
553 1430 638 1514 apud
657 1429 786 1495 Suidnm
806 1429 838 1493 in
858 1428 1121 1513 interpretatione
1140 1428 1209 1510 ipsa

77 1534 164 1600 uerba
195 1535 224 1600 sl
256 1533 409 1624 λαλήσεις
435 1537 661 1614 adhibeantur,
692 1542 798 1620 potest
824 1536 911 1601 locus
938 1534 993 1600 ille
1021 1533 1208 1618 Aristopha-

77 1663 142 1708 neus
167 1645 296 1726 greuius
324 1647 370 1710 its
397 1650 563 1729 corruptus
587 1665 668 1722 esse,
694 1651 731 1708 ut
753 1643 852 1709 uerba
875 1641 904 1707 el
926 1636 1078 1726 λαλήσεις
1095 1662 1123 1706 r.
1143 1640 1208 1704 294

76 1748 245 1829 glomemeti
272 1753 397 1818 cuidem
424 1752 602 1818 debeantur
627 1751 734 1816 uerbis
766 1749 854 1816 εἴτι
885 1745 1013 1835 γρύζεις
1039 1747 1209 1832 adscripto,

77 1875 147 1936 quse
174 1859 351 1942 expulerint
377 1860 490 1926 ultima
511 1859 613 1925 uerbe
634 1859 701 1924 eins
723 1857 872 1924 uersiculi
894 1857 948 1940 qui
971 1877 991 1920 e
1015 1848 1208 1940 διαφορήσω

78 1952 103 2024 o'
123 1963 237 2048 incipit
264 2004 304 2013 -

156 2089 318 2156 Accedunt
339 2092 490 2176 perpauci
513 2091 588 2168 loci,
615 2090 730 2175 quibus
753 2091 879 2155 diuerso
902 2087 994 2151 modo
1018 2085 1050 2149 in
1074 2090 1208 2168 utroque

80 2199 108 2256 et
128 2193 221 2261 Snids
242 2203 276 2262 et
298 2196 506 2264 Ambrosiano
530 2199 689 2264 leuissimo
711 2202 875 2283 peccatum
897 2194 1055 2259 uidemus:

159 2302 252 2368 veluti
276 2327 303 2370 r.
329 2304 372 2369 70

208 2402 439 2478 ὀκταπλάσιον
461 2412 688 2494 ὃΡ-Ρ-ΓΘΔ,

209 2509 419 2586 όκταιιλάσια
442 2519 553 2608 R¹)-A
582 2521 805 2606 suprascriptis
827 2540 883 2583 -ov
911 2513 1010 2580 littori
1023 2509 1049 2615 Ξ
1062 2535 1142 2598 uper
1166 2548 1212 2602 -c,

210 2617 464 2694 ὄκταιιλασλονα
486 2630 530 2693 M.

161 2769 185 2811 r.
211 2750 252 2814 79
276 2742 296 2816 ὁ
320 2750 356 2816 δὲ
380 2758 460 2830 νοῦς
483 2751 521 2817 ἐν
544 2752 760 2836 esf-Aren,

271 2849 290 2922 ὃ
315 2857 351 2922 di
374 2866 455 2936 νοῦς
478 2851 513 2925 d'
536 2859 574 2925 ἐν
597 2863 642 2941 M,

269 2956 288 3028 ὁ
312 2955 393 3042 νοὺς
417 2956 450 3029 d'
473 2964 511 3030 ἐν
532 2966 570 3043 R,

270 3063 289 3135 ὃ
314 3078 394 3149 νοῦς
417 3063 451 3137 d'
474 3071 511 3137 ἐν
534 3077 565 3138 Ρ
583 3079 682 3150 rectc;

85 3175 156 3254 quod
177 3177 288 3241 uitium
312 3179 386 3244 inde
409 3185 513 3244 ortum
536 3186 598 3257 est,
625 3183 711 3263 quod
734 3182 767 3246 in
790 3183 971 3266 archetypo
995 3202 1033 3246 co
1058 3175 1171 3243 auito,
1196 3164 1246 3226 δὲ

86 3299 165 3360 quem
190 3304 296 3350 omnes
319 3285 441 3351 codices
463 3289 564 3352 nostri
586 3310 651 3354 une
674 3311 745 3354 cum
768 3289 921 3355 Suideno
944 3279 1125 3354 reuocandi
1154 3271 1257 3337 sunt,

87 3385 113 3447 di
134 3387 241 3472 duplex
264 3392 385 3474 pictum
408 3399 484 3457 erat.

158 3535 183 3578 r.
206 3516 269 3582 819
295 3508 471 3602 ιῖπομάττῃ
494 3517 603 3596 S-AF,
775 3591 782 3602 „

294 3614 479 3707 ἀπομάττει
502 3625 696 3692 hV-P-en
718 3632 826 3703 recte,

295 3722 497 3814 ἄπομάττεις
519 3734 562 3797 M.
827 3740 834 3755 '

160 3873 183 3914 v.
208 3855 291 3922 1163
315 3846 380 3940 lyd
403 3854 478 3935 S-P,

315 3954 336 4048 ἢ
360 3953 424 4046 ἐγώ
447 3965 533 4044 Μ-Δ,

316 4059 418 4154 ἢ’γώ
448 4070 593 4152 ΗΓΘ,
616 4065 686 4162 ήγώ
710 4073 754 4138 R.

149 4291 167 4351 ¹)
182 4301 259 4353 recte.
