3010 4896
293 279 337 346 ιι
727 315 770 328 .-
818 275 912 362 [140]
963 311 1002 324 .-

293 479 339 544 eis
366 497 448 560 quae
474 495 571 558 supra
602 472 815 558 exposuimus,
847 471 971 556 longius
1002 469 1154 554 temporis
1186 469 1322 552 spatium
1352 469 1427 534 inter

293 585 404 650 urbem
427 587 551 667 oaptam
575 586 608 647 et
630 581 765 666 triginta
786 581 871 648 viros
894 579 1057 646 institutos
1080 575 1267 643 interfuisse.

382 690 493 756 Paullo
521 689 691 773 digniores,
718 687 831 771 quibus
858 685 953 752 fidem
980 684 1165 761 habeamus,
1197 706 1263 750 esse
1290 684 1427 749 ridentur

293 797 425 864 Peterns
436 797 461 884 ¹)
482 804 514 863 et
533 795 706 872 Soheibius‚
714 796 742 881 ²)
765 795 821 878 qui
843 799 995 860 autumno
1014 813 1067 858 eos
1089 793 1252 858 institutos
1275 813 1342 858 osse
1363 812 1427 856 oen·

293 911 377 981 sent,
405 905 490 988 quod
513 903 641 987 quidem
662 902 777 988 quibus
800 903 901 968 causis
924 901 1060 986 permoti
1088 899 1233 979 iecerint,
1260 899 1427 968 amuratius

295 1012 465 1077 videamus.

382 1118 419 1182 In
443 1117 661 1201 Xenophontis
684 1118 819 1184 historia
842 1116 964 1182 Graeoa
985 1122 1134 1182 narratur
1161 1137 1238 1200 paee
1262 1115 1346 1180 faeta
1366 1137 1427 1179 mu·
1491 1105 1492 1114 ’

293 1225 399 1308 risque
423 1247 443 1290 a
465 1224 628 1311 Lysandro
652 1226 767 1292 dirutis
789 1229 916 1308 postero
939 1245 1022 1290 anno
1051 1225 1184 1308 triginta
1207 1224 1290 1288 viros
1313 1229 1429 1288 oreatus

296 1354 376 1408 esse3
408 1333 522 1416 quihus
553 1332 740 1399 nominatim
771 1330 940 1416 appellatis
968 1331 1098 1397 additur
1125 1323 1210 1396 κατὰ
1243 1321 1279 1396 di
1313 1337 1430 1397 τοῦτον

294 1431 355 1504 τὸν
378 1429 498 1525 καιρὸν
524 1441 602 1524 περὶ
629 1431 725 1526 ἡλίου
754 1435 903 1522 ἔκλειψιν
926 1435 1120 1525 Λυκόφρων
1148 1431 1167 1504 ὁ
1194 1441 1335 1524 Φεραῖος
1357 1442 1431 1518 βου-

294 1541 434 1631 λόμενος
458 1539 554 1632 ἄρξαι
577 1537 655 1633 ὅλης
673 1554 730 1633 τῆς
752 1547 932 1624 Θετταλίας
950 1537 1029 1622 τοὺς
1048 1540 1326 1629 ἐναντιουμένους
1345 1536 1431 1628 αὐτῷ
1491 1611 1492 1616 ,

294 1659 365 1717 τῶν
396 1655 585 1733 Θετταλῶν,
613 1654 815 1738 Λαρισαίους
842 1655 899 1719 καὶ
931 1647 1067 1732 ἄλλους,
1098 1648 1184 1737 μάχῃ
1218 1650 1349 1739 ἐνίκησε
1381 1653 1432 1716 καὶ

294 1751 442 1837 πολλοὺς
465 1751 671 1829 ἀπέκτεινεν.
718 1761 796 1825 Cum
819 1765 924 1826 autem
951 1761 1031 1842 baec
1058 1760 1132 1826 solis
1155 1759 1291 1826 defectio
1315 1759 1367 1824 die
1389 1758 1433 1824 III
1491 1747 1492 1840 ζ

294 1866 409 1931 mensis
437 1865 630 1950 Septembris
657 1867 857 1952 aeoiderit,³)
886 1857 1017 1933 Peterus
1044 1869 1088 1952 (p.
1111 1867 1169 1952 43)
1197 1867 1433 1952 Xenophontem
1463 1929 1468 1939 ,

293 1973 419 2057 putarit
440 1995 460 2038 a
478 1996 551 2040 rere
569 1976 653 2054 anni,
676 1997 739 2059 quo
758 1975 899 2042 Athenas
922 1977 1059 2041 traditas
1077 1996 1144 2040 esse
1161 1979 1285 2040 oonstet
1307 1981 1433 2057 repente

294 2081 455 2147 transilire
482 2082 523 2146 ad
555 2088 753 2147 autumnum:
785 2083 873 2167 sequi
904 2083 1004 2166 igitur
1035 2084 1168 2166 triginta
1198 2083 1283 2146 viros
1315 2101 1434 2166 quoquo

294 2193 445 2255 autumno
481 2189 642 2254 institutos
678 2211 754 2254 esse.
822 2190 865 2254 Ar
906 2190 985 2255 haee
1021 2190 1061 2255 de
1096 2188 1303 2273 Lycophrone
1344 2187 1435 2253 verba

295 2295 421 2360 omniuo
448 2296 731 2379 praetermittenda
754 2302 841 2374 sunt,
869 2318 938 2362 oum
961 2319 980 2362 a
1002 2296 1212 2380 Xenophonte
1235 2296 1354 2380 scripta
1377 2317 1435 2360 non
1491 2333 1492 2346 ι

295 2403 367 2468 sint
395 2403 529 2470 ‘Omnes
547 2405 643 2482 enim,
666 2406 720 2489 qui
739 2404 981 2488 Xenophontem
1003 2403 1154 2469 historiae
1174 2401 1312 2468 Graecae
1331 2409 1434 2468 auoto-
1491 2391 1492 2442 3

295 2531 362 2574 rem
385 2511 513 2590 duormt,
535 2511 568 2576 in
590 2511 651 2576 hae
670 2532 706 2576 re
724 2511 934 2588 eonsentiunt,
957 2516 989 2576 et
1010 2511 1118 2576 multis
1141 2508 1436 2594 interpolationibus
1491 2491 1492 2508 ³

296 2615 393 2682 verba
411 2618 572 2702 scriptoris
591 2625 740 2702 corrupta
758 2641 825 2686 esse
844 2625 876 2684 et
894 2625 1021 2702 praeter
1039 2624 1144 2684 cetera
1162 2637 1269 2682 omnes
1288 2637 1342 2682 eas
1361 2623 1436 2681 tem·

295 2745 407 2809 porum
426 2725 655 2803 annotationes,
669 2725 785 2810 quibus
799 2727 1001 2811 olympiades,
1016 2725 1136 2810 ephori,
1154 2725 1331 2801 archontes,
1349 2724 1436 2790 ebro·

296 2831 440 2916 nologioa
454 2840 745 2912 oommemorantur,
758 2835 979 2918 interpolatori
994 2832 1186 2898 tribuendas.
1196 2833 1223 2916 ι)
1252 2831 1302 2896 Ad
1317 2853 1370 2896 ens
1384 2853 1437 2894 au·

296 2943 360 3004 tem
384 2939 458 3005 libri
481 2945 588 3024 partes
606 2939 685 3005 haee
703 2963 826 3024 quoque
845 2942 885 3006 de
903 2963 966 3025 qua
985 2941 1090 3024 agitur
1109 2939 1272 3005 annotatio
1292 2939 1437 3022 pertinet

275 3047 370 3111 'indo
393 3047 528 3112 maxime
552 3054 706 3130 suspecta,
732 3049 909 3131 quodcum
934 3048 1067 3114 historia
1092 3047 1213 3116 Graeca
1236 3045 1323 3112 nullo
1346 3033 1437 3110 niodo

296 3152 453 3220 oohneret.
487 3154 683 3240 Quamquam
701 3155 799 3238 igitur
817 3157 902 3222 facts
919 3176 1001 3238 quae
1019 3159 1191 3220 narrantur
1209 3175 1283 3219 vera
1301 3173 1367 3218 esse
1386 3175 1439 3218 ne·

296 3260 433 3344 gaudum
456 3283 520 3327 non
543 3263 677 3340 videtur,
705 3285 725 3328 a
747 3261 957 3346 Xenophonte
985 3269 1091 3327 tamen
1113 3267 1244 3326 narrata
1270 3282 1334 3327 non
1356 3266 1439 3335 sunt,

295 3387 353 3433 neo
371 3369 545 3451 quidquam
563 3391 601 3435 ex
618 3371 687 3436 loeo
707 3391 768 3453 quo
787 3371 892 3453 posita
910 3374 984 3435 sunt
1002 3369 1147 3434 concludi
1169 3375 1282 3452 potest
1319 3368 1438 3446 Quodsi

296 3545 330 3616 by
343 3545 494 3616 Itysorsder
511 3577 546 3586 -
565 3548 625 3602 that
643 3549 675 3616 is,
694 3547 768 3614 from
788 3550 873 3602 about
886 3547 970 3617 April
987 3554 1015 3603 to
1030 3547 1176 3602 December
1189 3546 1291 3602 40413.
1304 3547 1331 3600 0.
1352 3549 1437 3602 Athe·

296 3650 349 3689 nae
368 3633 441 3689 euim
461 3637 610 3691 secundum
625 3637 750 3692 Grotium
769 3637 889 3692 traditae
909 3643 972 3692 sunt
990 3636 1086 3706 primis
1101 3635 1201 3692 mensis
1217 3635 1322 3706 Aprilis
1341 3637 1437 3691 diebus

296 3725 392 3790 (about
409 3725 452 3779 tbe
471 3725 620 3796 bapinninp
639 3726 673 3792 of
686 3726 772 3795 Aproi
789 3727 856 3782 VIII
876 3744 901 3796 p.
922 3727 974 3792 21).

387 3815 406 3881 ¹)
425 3815 539 3870 Carolus
562 3817 644 3872 Peter
666 3815 860 3872 commentatio
884 3815 982 3870 critiae
1005 3814 1039 3870 de
1063 3815 1254 3884 Xenophontis
1278 3815 1438 3871 Hellenicis.

296 3902 376 3959 Haris
395 3904 532 3960 Saxonum
552 3906 629 3962 1837.

386 3993 407 4049 ’λ
429 3991 629 4063 Otiporohiocte
653 3995 841 4064 Umrodlsunp.
878 4011 904 4064 p.
925 3995 973 4050 161
995 4011 1034 4063 sq.

386 4081 407 4149 ⁸)
425 4083 475 4136 Ed.
501 4083 568 4138 Heis
591 4084 658 4138 siber
681 4086 726 4140 dte
749 4083 936 4139 Firtsterrat'sse
965 4084 1011 4140 des
1026 4083 1303 4153 ‚Peloponnemcuee
1329 4083 1438 4154 Krieps,

296 4172 482 4227 Koeln1834.

385 4261 406 4327 ⁴)
426 4261 460 4316 cf.
484 4265 517 4317 A.
536 4263 697 4317 Brueokner
719 4264 753 4319 de
776 4261 964 4320 notationibus
986 4279 1118 4320 annorum
1142 4262 1170 4317 in
1193 4261 1309 4321 historia
1332 4263 1438 4320 Graeca

297 4350 487 4423 XenophontIs
505 4351 649 4423 suspectis,
669 4351 803 4409 Suidnioii
823 4355 899 4410 1838.
