2982 4884
516 395 560 406 -
608 360 692 442 [aar]
740 395 784 405 -
1161 358 1222 421 rra

83 547 188 612 ἐστι.
231 549 342 611 turns
365 545 556 629 διαδέχεται
578 544 617 634 δή
634 544 695 634 τήν
717 539 819 630 ύλίχφ
841 542 1011 628 πρότερον
1027 541 1223 623 ἐξετασθεῖ-

84 672 151 716 σαν
166 645 345 716 ἀντίθεσιν
360 649 457 734 ἑτέρα
476 647 650 736 τοιαύτη
670 651 779 731 τιςί).
819 653 914 714 1075ι
939 643 1036 736 ήμέν
1051 645 1090 734 δή
1106 645 1221 734 πρώτη
1253 723 1262 748 x

85 761 152 818 τῶν
167 747 337 836 ἀρμονιιῖιν
363 803 369 816 .
391 803 398 816 .
421 803 427 816 .
453 751 595 818 τοιάδε
618 757 683 829 τίς
707 751 796 817 ίστι
824 750 909 817 κατά
932 751 992 817 τὸν
1013 758 1219 837 χαρακτῆρα.

79 851 128 922 Ἡ
149 857 185 922 δὲ
209 854 294 940 μετὰ
316 854 442 944 ταύτην
467 907 473 920 .
495 909 501 921 .
523 909 530 920 .
556 855 705 943 τοιαύτη,

171 982 203 1045 p.
224 963 330 1024 97'r'rss
354 957 450 1024 Κατὰ
473 963 505 1024 τί
527 957 566 1046 δή
591 957 715 1047 ταύτην
735 953 879 1045 ήχούμαι
894 955 955 1044 τήν
970 959 1061 1036 λέξιν
1077 955 1221 1023 ἐοικέναι

83 1072 121 1149 τῇ
147 1062 375 1137 Θουκυδίδοος
404 1057 527 1128 καθ’ίί
550 1057 708 1150 κάκείνην
731 1067 901 1143 πείθομαι
931 1059 1078 1144 μάλιστα
1101 1061 1222 1147 διαφέ-

83 1191 157 1250 ρειν
177 1174 243 1232 τιῖιν
266 1162 387 1232 ἀλλων.
413 1168 506 1232 τουτὶ
529 1161 561 1231 δ’
581 1165 652 1231 έστὶ
675 1164 712 1232 τὸ
728 1164 772 1253 μή
794 1160 869 1230 κατ’
888 1159 1029 1231 εὐθεῖαν
1045 1164 1223 1252 ἑρμηνείαν

83 1272 303 1358 ἐξενηνέχθαι
327 1269 369 1334 τά
390 1270 543 1358 νοήματα
566 1265 647 1357 μηδ’
666 1263 709 1346 ὡς
732 1268 802 1334 ἔστι
827 1282 897 1346 τοῖς
921 1265 1036 1346 ἀλλοις
1059 1266 1218 1356 σύνηθες,

82 1379 195 1460 λέγειν
218 1369 334 1451 άπλὼς
356 1375 413 1439 καὶ
437 1369 586 1460 ἀφελῶς,
616 1368 701 1438 ἀλλὰ
725 1371 931 1459 ἐξηλλάχθαι
963 1375 1020 1438 καὶ
1050 1366 1222 1457 ἀπεστρά-

83 1484 178 1566 φθαι
201 1476 261 1566 τήν
283 1474 457 1544 διάλεκτον
480 1476 514 1542 έκ
537 1485 601 1542 τιῖιν
618 1475 654 1542 έν
669 1475 745 1542 έθει
760 1478 816 1541 καὶ
832 1475 917 1542 κατὰ
935 1473 1040 1564 φύσιν
1056 1475 1105 1553 είς
1121 1474 1161 1540 τὰ
1176 1501 1188 1558 χ
1205 1473 1220 1563 ή

83 1578 217 1670 συνήθη
247 1593 319 1657 τοῖς
345 1582 486 1656 πολλοῖς
514 1575 592 1666 μηδ’
620 1573 663 1656 ὡς
695 1574 711 1666 ή
744 1577 846 1667 φύσις
876 1574 1024 1644 ἀπαιτεῖ.
1072 1580 1220 1646 Colonum

82 1694 242 1753 structura
272 1685 436 1768 formaque
463 1683 556 1750 docet
585 1683 693 1750 verbis
722 1677 801 1770 μηδ’
828 1677 871 1759 ὡς
902 1677 919 1770 ή
952 1680 1054 1770 φύσις
1084 1678 1222 1748 ἀπαιτεῖ

83 1788 276 1874 respondere
293 1787 350 1852 illa
364 1784 438 1873 μηδ’
457 1781 499 1862 ὡς
516 1785 585 1850 έστι
603 1799 673 1862 τοῖς
690 1781 804 1862 ἀλλοις
820 1783 967 1873 σύνηθες
986 1787 1096 1870 λέγειν
1108 1779 1222 1862 sarug

82 1895 139 1957 καί
164 1887 309 1978 ἀφελῶς.
358 1891 459 1956 Simul
481 1892 579 1956 rerba
603 1892 711 1974 λέγειν
735 1883 850 1966 ἁπλῶς
880 1891 936 1954 καί
959 1883 1092 1976 ἀφελῶς
1120 1909 1221 1955 enun-

82 1998 234 2062 tiatorum
258 1995 498 2060 accuratissima
515 1994 720 2078 responsione
736 1994 943 2064 damnantur:
965 1995 1107 2078 ineptum
1122 1993 1221 2058 inter·

82 2105 319 2184 pretamentum
343 2107 416 2162 sunt
438 2098 500 2163 coli
524 2091 568 2174 ὡς
591 2095 661 2161 ἔστι
685 2109 755 2173 τοῖς
779 2091 894 2172 ἀλλοις
917 2095 1073 2184 σύνηθες.

170 2221 204 2286 p.
223 2203 329 2266 9804ss
352 2202 439 2266 Inter
453 2199 676 2283 Thucydidiae
700 2200 786 2284 apud
802 2200 1050 2265 Demosthenem
1073 2198 1221 2264 dictionis

82 2306 234 2389 exempla
245 2304 422 2388 Dionysius
433 2325 466 2388 p.
478 2307 599 2368 979nss
612 2323 651 2367 ex
660 2303 803 2368 Midiana
815 2303 1051 2387 paragraphum
1061 2305 1102 2366 69
1114 2301 1219 2366 affert.

83 2408 211 2475 Deinde
232 2408 338 2492 pergit
361 2413 393 2470 τί
416 2403 454 2494 δή
480 2405 586 2472 πάλιν
610 2405 701 2471 ἐστὶν
724 2404 760 2470 έν
782 2403 915 2481 τούτοις
937 2401 973 2468 τὸ
993 2401 1222 2488 συνταράττον

83 2509 144 2598 τήν
166 2507 254 2575 κατὰ
277 2509 382 2596 φύσιν
405 2504 636 2594 ἀπαχχελίανζ
662 2509 834 2592 Sequentia
856 2508 1028 2594 Sylburgr'o
1050 2507 1167 2592 partim
1191 2514 1222 2571 et

83 2615 297 2680 Ambrosiano
321 2614 504 2680 auctoribus
527 2615 572 2678 ita
595 2612 771 2679 constituo:
812 2617 956 2696 Πρῶτον
986 2611 1049 2694 μέν
1078 2607 1115 2676 τὸ
1139 2611 1222 2693 πρὶν

84 2713 275 2802 ἀπαρτίσαι
297 2713 335 2780 τὸ
361 2710 545 2802 ήχούμενον
567 2714 633 2780 εἴτε
656 2713 767 2802 νόημα
789 2712 851 2802 χρή
876 2717 985 2799 λέγειν
1011 2713 1077 2780 ε’ίτε
1100 2714 1216 2791 κιῖιλον,

83 2819 201 2906 ἕτερον
223 2820 467 2904 παρεμβαλεῖν,
493 2820 551 2883 καί
572 2819 656 2906 μηδὲ
682 2825 743 2884 τού
772 2818 931 2903 δευτέρου
960 2819 1055 2892 τέλος
1085 2814 1222 2897 έχοντος

82 2921 119 2988 τὸ
144 2928 260 3007 τρίτον
280 2920 473 3002 ἐπιζεῦξαι,
501 2916 573 2987 εἶτα
596 2920 656 3008 τήν
679 2929 739 2987 τοῦ
762 2921 920 3006 δευτέρου
949 2917 1117 3007 νοήματος
1141 2913 1221 2982 ἀκο-

83 3028 232 3092 λουθίαν
255 3024 313 3091 ἐπὶ
335 3033 382 3110 τῷ
405 3030 505 3110 τρίτῳ
533 3027 627 3101 τέλος
650 3022 805 3111 είληφότι
827 3030 953 3104 θεῖναι,
987 3017 1132 3087 κάπειτα
1163 3019 1250 3086 έπίῑ)

83 3137 201 3210 πᾶσιν,
229 3125 246 3193 ὃ
271 3136 330 3194 τού
353 3125 489 3214 πρώτου
511 3133 612 3212 μέρος
635 3117 684 3215 ήν,
719 3125 775 3193 διὰ
796 3135 928 3210 μακροῦ
950 3127 1008 3190 καί
1030 3120 1139 3192 ούκέτι
1164 3132 1222 3212 τῆς

83 3233 239 3308 διανοίας
261 3226 343 3297 αὐτὸ
368 3231 643 3318 προσδεχομένης
667 3225 874 3297 ἀποδοῦναι·
903 3225 1015 3313 Ἐμοί
1045 3229 1086 3294 δὲ
1114 3226 1156 3305 ὃς
1178 3267 1221 3278 -

84 3331 182 3400 ούπω
205 3341 305 3400 τοῦτο
325 3331 422 3411 Ιτέλος
449 3333 518 3416 ἔχει
540 3373 582 3384 -
610 3333 697 3399 ε’ίτε
727 3357 792 3410 τις
821 3322 847 3398 ὦ
867 3328 1091 3420 Ἀθηναῖοι
1118 3329 1221 3413 δού-

83 3440 204 3504 λεται
225 3443 405 3520 νομίσαι
423 3442 582 3520 μανίαν
596 3475 639 3486 —-
654 3437 769 3522 ἕτερον
784 3444 882 3503 τοῦτο
899 3441 1147 3522 κεχωρισμένον
1163 3441 1222 3500 τοῦ

82 3547 267 3628 προτέρου,
303 3535 418 3618 ἀτελές
448 3543 505 3606 καὶ
535 3536 617 3606 αύτὸ
638 3579 684 3590 ·-
705 3546 837 3623 μανία
868 3537 944 3625 γάρ
974 3540 1073 3616 ἰ’σως
1105 3538 1223 3604 ἐστὶν
1242 3555 1271 3604 10

82 3640 192 3730 ὑπὲρ
214 3641 398 3727 δύναμίν
420 3669 457 3709 τι
480 3657 625 3710 ποιεῖν
648 3683 688 3694 -
712 3639 890 3728 οὐδετέρου
913 3651 1012 3710 τοῦτο
1036 3641 1141 3708 πάλιν
1158 3649 1223 3708 τῶν

83 3752 341 3834 προειρημένων
355 3753 467 3834 μέρος,
495 3743 570 3812 ἀλλ)
590 3742 672 3814 αύτὸ
696 3743 778 3812 καθ)
797 3743 890 3828 αὑτὸ,
909 3744 1143 3834 κεφαλαιώδης
1158 3743 1221 3830 γάρ

85 3875 135 3928 τις
157 3850 250 3918 ἐστίν
277 3845 520 3938 ἀπόφασις-
549 3850 636 3916 ε’ίτε
666 3853 734 3916 καὶ
764 3853 1022 3938 φιλοτιμίαν
1049 3887 1092 3899 -
1123 3857 1221 3914 τούτο

84 3954 120 4020 δὲ
142 3963 204 4021 τού
227 3955 385 4040 δευτέρου
407 3960 509 4038 μέρος
538 3944 579 4042 ήν
601 3962 662 4020 τού
692 3954 784 4034 ,εἴτε
816 3979 866 4032 τις
896 3952 1054 4036 βούλεται
1083 3957 1221 4035 νομίσαι

84 4063 229 4140 μανίαν·
254 4059 325 4122 κτλ.
1242 4071 1269 4120 15

152 4285 172 4345 ¹}
193 4281 315 4336 Vrietius
332 4297 360 4350 p.
376 4283 424 4334 83:
448 4299 489 4339 τις
508 4279 652 4338 ἀντίθεσις
670 4281 739 4336 MR.
