3006 4892
687 326 954 396 ‚-78-

280 511 521 593 Lachmannus,
553 531 625 578 000
656 514 736 577 1317
765 514 908 598 recipere
938 514 1060 591 mallet,
1090 514 1146 596 qui
1166 514 1288 580 iactum
1311 512 1367 588 sit,
1387 519 1414 574 ut
1487 497 1488 510 ³

283 615 364 682 alter
386 615 419 681 iu
442 623 564 682 textum
586 615 751 702 irreperet,
777 637 840 682 non
863 615 1038 684 adnotavit.
1086 617 1192 683 Unum
1215 624 1339 683 certum
1362 627 1413 691 cst,
1487 621 1488 624 ’

281 717 322 784 de
344 717 562 803 dittographia
583 718 718 802 cogitari
741 717 796 784 vix
819 737 924 804 posse,
943 720 1091 802 qnoniam
1115 719 1172 786 illa
1195 719 1341 798 mutatio,
1361 738 1414 801 qua

281 821 364 888 alter
384 839 498 887 versus
520 821 656 904 insignis
678 829 741 897 est,
773 820 855 888 torte
883 828 953 888 orta
981 841 1054 888 esse
1084 823 1206 906 nequit.
1253 823 1368 904 Neque
1387 821 1415 885 id

279 925 447 1008 quisquam
476 923 619 1008 negabit,
644 923 671 989 si
703 924 839 992 alterum
868 943 997 991 versum
1022 925 1258 1001 Lucretianum,
1285 926 1413 991 alterurn

279 1027 319 1092 ab
349 1025 412 1092 alio
440 1025 568 1093 homine
598 1025 742 1093 additum
771 1045 844 1094 0000
873 1047 1047 1110 sumamus,
1080 1049 1206 1096 versum
1238 1031 1318 1094 1321
1351 1048 1414 1094 cam

279 1128 486 1194 Lachmannu
516 1128 761 1214 praeterendum
798 1149 882 1196 esse.
944 1129 1037 1209 Quod
1070 1151 1141 1198 cum
1171 1131 1227 1198 illo
1260 1129 1415 1197 Aeneidos

277 1251 371 1298 versu
399 1232 450 1315 (X,
478 1234 565 1317 731),
591 1251 684 1315 quem
708 1231 873 1300 Bentleius
895 1234 1011 1314 attulit,

947 1345 977 1401 at
999 1338 1136 1402 calcibus
1158 1346 1265 1402 atrum

398 1438 502 1502 tundit
522 1438 649 1502 humum
671 1439 821 1522 ecps'ruue
844 1440 1044 1526 effractoque
1067 1441 1129 1506 tela
1151 1449 1308 1506 cruentat.

279 1549 345 1605 tum
368 1561 407 1608 co
429 1541 568 1607 maxime
591 1543 754 1626 probatur,
780 1543 965 1627 qnod1328
989 1544 1130 1628 quidem,
1155 1551 1190 1610 ut
1211 1545 1311 1610 verba
1334 1543 1414 1609 diln-

280 1643 401 1710 cidiora
423 1652 541 1724 essent,
575 1665 632 1730 pro
658 1647 740 1709 1327
764 1645 885 1730 positus
908 1665 981 1713 esse
1003 1653 1119 1732 potest,
1149 1649 1230 1712 1327
1255 1669 1313 1732 pro
1340 1651 1414 1712 tuto

276 1765 339 1812 non
368 1747 457 1813 item.
508 1745 574 1814 Sed
602 1748 762 1825 concedo,
791 1749 819 1814 si
848 1749 920 1832 quis
949 1749 1001 1815 hic
1031 1749 1204 1834 vestigium
1235 1750 1414 1816 alterinsa

276 1855 372 1934 poeta
394 1849 465 1936 ipso
488 1849 593 1916 iactae
617 1851 813 1918 recensionis
835 1859 964 1918 exstare
987 1860 1107 1920 statuat
1129 1862 1258 1922 secutus
1274 1853 1414 1938 Briegeri

276 1961 308 2020 01
331 1953 517 2022 Suseurihlii
546 1954 711 2034 rationem,
744 1956 798 2038 qni
825 1955 858 2020 in
881 1955 1157 2039 disquisitionibus
1179 1956 1348 2040 Philologo
1369 1957 1414 2021 iu

277 2058 370 2124 sertis
400 2057 557 2124 eiusmodi
579 2058 718 2142 vestigia
743 2059 983 2142 conquirebant,
1010 2081 1081 2127 000
1105 2061 1300 2128 sententiam
1322 2081 1415 2144 argn-

277 2162 394 2228 mentis
410 2181 461 2228 me
477 2162 666 2246 impugnare
681 2183 745 2228 nou
759 2182 866 2247 posse.
898 2164 968 2248 Ego
981 2163 1065 2230 hanc
1076 2164 1202 2230 illorum
1213 2165 1414 2232 doctissimo-

276 2284 344 2330 rum
367 2264 530 2330 hominum
553 2265 769 2332 coniecturam
792 2266 921 2332 omnino
944 2287 1008 2333 non
1023 2268 1123 2352 probo
1146 2275 1178 2334 et
1201 2288 1265 2335 nno
1288 2268 1411 2352 quidem

274 2368 344 2434 loco
373 2368 437 2450 (IV,
463 2373 503 2432 45
520 2373 603 2454 sqq.)
631 2387 756 2436 errasse
778 2369 966 2455 Briegerum
989 2370 1170 2438 ostendisse
1192 2371 1271 2436 mihi
1294 2371 1409 2437 videor.

276 2472 345 2538 Hoc
367 2491 443 2539 vero
466 2473 535 2538 loco
557 2473 626 2537 veri
649 2473 786 2540 similius
801 2474 895 2552 duco,
920 2473 1011 2539 illum
1034 2475 1279 2558 grammaticum
1304 2483 1412 2561 poetae

276 2575 375 2639 verba
397 2575 582 2641 obscuriora
603 2583 706 2641 ratum
729 2576 872 2642 carmina
888 2575 1061 2643 emendare
1076 2577 1249 2658 studuisse,
1272 2597 1346 2644 cum
1360 2598 1412 2661 pro

276 2678 417 2762 effracta
433 2677 586 2744 scriberet
607 2678 641 2742 10
662 2701 695 2743 se
709 2679 836 2763 fracto,
864 2699 926 2761 quo
949 2679 1045 2762 facto,
1072 2699 1112 2746 ue
1135 2687 1271 2747 metrum
1294 2680 1411 2748 claudi-

276 2787 373 2860 caret,
399 2788 524 2847 ceteras
547 2781 740 2848 mutationes
763 2782 849 2848 fecit.
875 2819 918 2832 -

586 2884 639 2959 VI,
668 2887 795 2950 uua—5
824 2889 875 2968 (ε.-
890 2887 944 2968 Vl,
965 2888 1096 2970 st-o).

363 2987 600 3064 Lachmannns,
625 3007 697 3054 cum
720 2988 754 3053 in
775 2989 920 3055 versibus
943 2989 1002 3064 Vl,
1030 2992 1136 3055 85-9
1159 2989 1409 3075 contemplandis

275 3109 341 3170 eos,
368 3091 423 3173 qni
445 3090 600 3176 deinceps
623 3099 807 3174 sequnntur,

446 3216 576 3278 quorum
598 3217 727 3278 operum
749 3217 860 3259 000000
881 3195 973 3259 uultu
995 3196 1119 3260 ratione
1141 3197 1246 3260 videre

438 3306 573 3380 0000001
594 3321 632 3362 uc
641 3298 725 3381 fien'
745 3298 850 3363 diviua
873 3299 998 3363 000100
1013 3310 1122 3365 rentur

275 3405 448 3483 spectaret,
479 3400 564 3483 qnod
593 3401 688 3468 alteri
717 3401 778 3466 nisi
813 3401 924 3468 alteris
953 3403 1092 3469 exclusis
1122 3403 1155 3468 iu
1184 3403 1406 3468 sententiarum

272 3519 396 3568 conexu
419 3502 495 3568 ferri
517 3524 581 3568 non
603 3511 747 3588 possunt,
773 3504 967 3584 Lucretium,
993 3525 1066 3572 cum
1089 3506 1191 3590 primo
1214 3505 1334 3590 impetn
1354 3503 1407 3568 hos

272 3605 412 3689 quinque
447 3626 560 3672 versus
593 3607 792 3693 scripsisset,
831 3615 1039 3693 posteaquam
1075 3628 1131 3676 eos
1168 3627 1270 3693 prope
1304 3625 1406 3674 omnes

273 3707 390 3775 maiore
414 3709 565 3775 etiamvi
594 3717 626 3777 et
655 3711 772 3777 effectu
795 3710 861 3777 alio
882 3710 953 3776 loco
974 3711 1051 3796 poni
1072 3730 1167 3796 posse
1190 3711 1335 3790 vidisset,
1357 3708 1406 3773 bic

272 3812 320 3877 eis
346 3812 427 3877 dnos
455 3812 537 3879 alios
565 3833 666 3897 aeque
695 3821 787 3899 aptos
819 3814 1022 3882 substituisse
1052 3835 1093 3880 ex
1122 3814 1203 3880 libro
1234 3815 1267 3895 I,
1297 3815 1402 3877 ltus

272 3915 423 3999 repetitos
453 3916 587 3982 censuit.
647 3917 684 3982 ln
712 3938 777 4000 qua
800 3916 895 3984 huius
917 3917 1095 3984 iterationis
1117 3916 1329 4003 explicatione
1349 3934 1405 3997 ego

240 4089 243 4096 ,
271 4019 399 4103 quidem
423 4020 629 4102 acquiescere
652 4027 806 4106 poteram,
833 4022 887 4105 qui
910 4021 1093 4088 Lucretium
1118 4022 1248 4089 senaab
1271 4019 1404 4087 iteratio

272 4123 366 4189 nibus
388 4123 583 4191 abstinuisse
605 4145 701 4208 qnam
717 4125 856 4192 maxime
871 4125 1071 4210 probandum
1086 4125 1163 4192 mihi
1178 4122 1399 4210 proposuerim.

271 4226 383 4308 Neque
405 4226 491 4291 enim
513 4226 547 4291 id
569 4226 744 4294 concedere
766 4235 894 4296 coactus
917 4228 989 4308 sim,
1014 4228 1120 4313 ipsum
1136 4228 1315 4295 Lucretium
1335 4245 1403 4290 ver·
