2982 4884
264 310 325 374 non
696 343 741 356 -
788 306 872 392 [nso]
917 341 962 354 -

262 490 355 564 εἰναι
377 496 495 580 λέγων,
520 515 623 580 neque
646 515 720 562 vero
735 493 880 562 condicio
895 492 1006 560 ecdem
1024 501 1085 574 est,
1110 513 1182 560 cum
1204 492 1306 579 peiore
1324 492 1383 559 loco
1474 478 1475 555 ἶ

262 599 379 668 aetatis
412 598 567 666 Dinarchi
604 597 801 684 computetio
837 597 978 682 pendeat
1011 617 1052 664 ex
1088 597 1218 664 certis
1255 596 1381 676 annis,
1474 646 1475 649 ,

261 703 363 770 altero
385 722 425 768 ex
455 702 730 770 orationibus.
776 700 874 785 Atqui
897 719 981 784 qnae
1003 699 1044 768 de
1066 706 1245 786 temporum
1266 699 1386 766 rationi-
1473 733 1474 740 .

261 807 323 872 bus
345 805 556 892 proferuntur,
590 804 750 890 capitibus
773 803 1042 890 praecedentibus
1064 804 1207 888 genuina
1228 822 1300 870 esse
1324 824 1388 888 pro

262 910 373 986 butun
412 907 496 974 unde
525 908 668 992 sequitur
696 908 794 976 verba
823 914 890 974 τῶν
921 907 986 990 μὲν
1017 904 1248 994 πρεσβύτερον
1281 901 1386 988 αὐτὸν,
1473 931 1474 934 ’

262 1011 386 1078 τῶνδὲ
409 1008 572 1098 νεώτερον
594 1005 684 1078 εἰναι
705 1012 814 1096 λέγων
835 1011 993 1097 Dionysio
1020 1029 1084 1078 nou
1113 1011 1233 1094 deberi,
1267 1011 1325 1078 sed
1348 1010 1392 1076 in-

263 1124 370 1201 epum
394 1135 466 1184 esse
490 1115 739 1201 explicationem
762 1135 783 1180 a
804 1115 915 1182 nescio
936 1135 999 1198 quo
1020 1114 1225 1199 adscriptam.
1276 1114 1392 1181 Deinde
1473 1101 1474 1144 ³

263 1219 421 1303 Kruegeri
451 1219 634 1286 coniectura
657 1239 675 1286 e
697 1218 845 1304 Dionysii
873 1218 1027 1302 loquendi
1052 1237 1112 1284 usu
1140 1218 1330 1302 conigendu
1350 1227 1394 1285 est

263 1319 352 1407 πρὸς
380 1328 427 1407 τῷ
457 1322 563 1410 μηδὲν
590 1315 683 1408 ύγιδς
711 1323 820 1407 λέγειν
847 1322 904 1386 καί
932 1318 1054 1407 λόγους
1087 1315 1221 1388 αὐτοῦ
1253 1321 1394 1398 πολλοὺς
1473 1369 1474 1372 ¹

265 1419 458 1511 ἀφελεῖται,
491 1424 532 1492 oi.
557 1446 590 1510 p.
609 1429 701 1490 66512
724 1422 756 1490 oi
778 1428 1025 1512 Δημοσθένους
1048 1417 1298 1511 ἀφαιρούμενοι
1325 1432 1394 1490 τοῦ·

264 1551 324 1594 τον
344 1525 531 1613 τὸνλόγον.
580 1531 686 1594 659ιεε
710 1521 924 1614 ἀφαιροῦμαι
945 1527 982 1592 δὲ
1004 1528 1062 1592 καὶ
1083 1525 1163 1604 τοὺς
1184 1528 1265 1613 περὶ
1289 1534 1393 1594 Μενε-

265 1635 411 1713 σαίχμου
433 1628 555 1716 λόγους
578 1624 794 1718 ἀμφοτέρους
816 1624 930 1696 αὐτοῦ.
978 1633 1070 1696 729ιε
1092 1636 1211 1696 πᾶσαν
1233 1624 1392 1717 ἆφαιρού·

263 1757 365 1816 μενος
399 1731 609 1822 ἐπιχείρησιν
645 1741 712 1800 τῶν
743 1732 951 1820 χαρίζεσθαι
986 1733 1204 1816 βουλομένων
1237 1728 1327 1818 αύτῷ
1357 1731 1392 1798 τὰ

264 1834 309 1924 μὴ
340 1834 567 1925 προσήκοντα.
618 1841 708 1904 15716
737 1835 767 1902 εἰ
790 1843 872 1921 γοῦν
897 1834 934 1902 τὸ
957 1847 978 1900 ιί
1000 1837 1050 1914 τὶς
1080 1830 1205 1922 ἀφέλοι
1234 1844 1293 1924 τῆς
1322 1838 1392 1903 συλ-

264 1940 381 2028 λαβῆς.
421 1942 460 2006 Α.
479 1941 517 2006 R.
536 1941 607 2006 136
630 1961 663 2026 p.
682 1943 739 2006 432
761 1940 901 2008 Kissos:
937 1934 1073 2027 ἀφελὼν
1094 1937 1132 2004 τὸ
1156 1941 1314 2022 μυθῶδες
1341 1946 1391 2006 τού

264 2038 377 2127 λόγου.

351 2167 383 2230 p.
404 2148 525 2212 63910ss
556 2142 685 2232 Καιρὸς
709 2140 768 2232 ἤδη
792 2145 849 2210 καὶ
878 2145 1041 2231 περὶτοῦ
1062 2151 1274 2232 χαρακτῆρος
1300 2139 1392 2211 αὐτοῦ

267 2247 388 2332 λέγειν.
421 2247 547 2315 ἔστιδὲ
570 2245 848 2335 δυσόριστον·
882 2241 982 2314 οὐδὲν
1003 2244 1066 2334 γὰρ
1090 2242 1166 2314 ούτε
1189 2246 1306 2314 κοινὸν
1327 2241 1390 2314 οὔτ’

264 2349 354 2418 ἰ’διον
382 2349 488 2434 ἔσχεν,
522 2345 596 2418 οὔτ’
622 2350 658 2418 ἰν
687 2363 758 2428 τοῖς
782 2350 931 2435 ἰδίοις,
965 2344 1039 2418 οὔτ’
1066 2349 1103 2418 ἒν
1128 2361 1200 2428 τοῖς
1229 2352 1391 2439 δημοσίοις
1473 2399 1474 2448 g

267 2447 410 2539 ἀγῶσιν·
451 2449 537 2520 ἀλλὰ
566 2456 623 2520 καί
655 2465 727 2532 τοῖς
755 2459 893 2522 Λυσίου
921 2452 1162 2542 παραπλήσιός
1193 2453 1286 2521 ἔστιν
1314 2450 1392 2521 ὅσον

161 2559 169 2580 ‘
266 2561 395 2642 γίνεται
424 2559 479 2622 καί
502 2569 574 2636 τοῖς
592 2551 795 2645 Ὑπερείδου
822 2559 879 2622 καί
906 2570 977 2635 τοῖς
999 2562 1247 2646 Δημοσθένους
1268 2557 1389 2644 λόγοις·

267 2661 324 2725 καὶ
353 2657 483 2728 τούτων
504 2660 617 2728 πολλὰ
646 2661 665 2727 δ
674 2687 692 2748 η
722 2685 785 2739 τις
814 2660 831 2726 δ’
837 2685 903 2743 χει
931 2661 1191 2747 παραδείγματα
1221 2661 1389 2728 ἰκθίσδοι.

267 2761 481 2849 Δυσόριστον
512 2786 575 2831 non
608 2772 695 2833 recte
731 2764 797 2850 legi
831 2784 970 2848 sequens
1003 2766 1202 2832 enuntiatum
1234 2773 1390 2848 monstres

267 2875 397 2954 propter
419 2867 505 2951 quod
527 2869 671 2952 corrigas
693 2864 971 2953 δυσόριστος,
997 2887 1043 2934 sc.
1070 2861 1087 2934 ό
1109 2867 1296 2957 χαρακτήρ.

354 2971 479 3037 Deinde
508 2991 572 3038 non
602 2970 663 3037 hoc
684 2971 787 3037 solum
809 2972 897 3056 loco,
931 2971 989 3038 sed
1010 2971 1087 3038 alibi
1109 2972 1206 3038 etium
1229 2973 1392 3039 scribarum

268 3093 354 3141 error
368 3075 499 3142 tollatur
521 3072 689 3152 ἰδιωτικός
707 3073 841 3151 otiosos
856 3074 1128 3143 confundentium.
1162 3069 1260 3142 Ἴδιοι
1281 3071 1393 3161 ἀγῶνες

268 3178 298 3244 ei
320 3185 405 3260 sunt,
430 3178 600 3262 inquibus
623 3178 663 3245 ds
686 3178 754 3244 suis
776 3179 873 3246 rebus
894 3178 923 3244 is
946 3179 998 3262 qni
1021 3179 1120 3246 verbu
1145 3179 1222 3246 sccii
1251 3179 1390 3263 loquitur,

268 3279 369 3346 veluti
391 3280 431 3346 de
446 3281 540 3347 Dem.
557 3303 590 3367 p.
612 3284 752 3346 1022mss
775 3275 866 3348 ὅπου
887 3277 951 3367 γὰρ
975 3273 1069 3368 ἡμεῖς
1093 3331 1101 3344 .
1122 3331 1128 3346 .
1150 3331 1158 3346 .
1185 3275 1293 3359 οὕτως
1314 3275 1394 3348 dnu-

268 3380 403 3468 γόμεθα
425 3384 482 3448 καί
504 3382 725 3471 κρατούμεθα
751 3435 757 3450 .
780 3439 786 3451 .
807 3435 815 3448 .
840 3391 913 3461 πῶς
935 3381 1011 3450 τότε
1033 3382 1213 3472 Ἀθηναῖοί
1234 3409 1271 3452 τε
1293 3380 1393 3451 καλοί

155 3475 159 3488 ’
270 3480 537 3574 ύλλοιἝλληνες
566 3484 687 3575 ἤγοντο
716 3481 784 3554 ύιτὸ
809 3495 870 3556 τοῦ
893 3481 1016 3572 ἀνδρὸς
1044 3485 1116 3553 oni
1144 3495 1223 3553 τῶν
1247 3483 1392 3576 ἀληθι-

269 3595 350 3656 νιῖιν
378 3613 420 3656 τε
449 3591 520 3656 καί
550 3589 672 3658 ἰδίων
700 3586 873 3677 ἀγώνιον
902 3585 1035 3658 αὐτοῦ
1062 3592 1267 3676 λέγοντος
1293 3591 1392 3658 ἐκεί-

268 3713 345 3760 νου
373 3691 421 3758 τὰ
451 3691 605 3762 ἑαυτοῦ
634 3691 719 3778 μετὰ
749 3701 809 3782 τῆς
839 3689 1008 3774 ἇξιώσεως
1036 3683 1074 3780 ἧς
1104 3687 1172 3776 εἰχε
1198 3691 1261 3782 τὴν
1282 3689 1391 3760 αύτο-

269 3792 472 3862 adocias.
518 3797 639 3864 ¹(ionius
653 3797 827 3886 δημοσίοις
843 3792 968 3882 ἀγῶσιν
990 3796 1127 3883 oppositi
1144 3805 1220 3864 sunt
1243 3793 1390 3864 ἰδιωτικοὶ

271 3893 405 3984 ἀγῶνες,
440 3918 556 3966 causae
578 3901 734 3986 privatae,
768 3900 867 3967 veluti
889 3921 921 3985 p.
942 3903 1063 3966 944ιτεε
1085 3897 1146 3977 τὰς
1168 3900 1206 3966 δὲ
1228 3894 1391 3968 πολυπλό-

271 4027 350 4080 κους
373 3999 505 4090 νοήσεις
527 4004 583 4068 καί
605 4000 717 4084 πολλὰ
740 4001 906 4092 δηλούσας
930 4000 966 4069 ἰν
983 3996 1110 4088 ὀλίγοις
1128 4053 1135 4067 .
1150 4053 1157 4068 .
1175 4055 1182 4068 .
1202 4001 1343 4092 ἰζήλοιοέ
1361 4021 1389 4062 τε

276 4107 331 4184 (so.
353 4097 370 4170 ὃ
393 4109 630 4196 Δημοσθένης)
651 4107 708 4172 καὶ
723 4111 917 4195 προσέθηκε
940 4116 1011 4184 τοῖς
1033 4130 1068 4171 τε
1091 4105 1324 4194 δημηγορικοῖς
1343 4101 1389 4168 καί

272 4220 343 4284 τοῖς
366 4206 549 4286 δικανικοῖς
572 4206 686 4294 λόγοις
711 4199 836 4298 ἦττον
864 4209 939 4291 μὲν
963 4207 1135 4274 ἐπὶτῶν
1165 4207 1386 4284 ἰδιωτικῶν,
