2998 4896
460 291 465 304 ·
525 311 565 320 -
614 275 711 359 [aaa]
758 312 797 320 -
1220 276 1237 339 r

97 470 327 551 „provincialis“
354 470 481 554 linguae
508 471 721 554 proprietates
754 492 793 534 ex
819 470 1046 554 orthographia
1073 471 1238 536 titulorum

97 573 275 641 Latinorum
299 577 482 659 diligentius
505 577 700 660 perlustrata
718 578 929 642 demonstrari
948 578 1077 660 possint,
1101 585 1137 642 ut
1155 601 1238 644 oom-

97 683 193 748 munis
216 683 326 766 lingua
348 683 486 767 vulgaris
507 705 565 768 por
588 705 695 750 omnes
718 683 784 750 fere
803 685 943 748 omnium
962 685 1086 767 imperii
1104 685 1239 750 Romani

96 788 254 871 regionum
273 790 392 867 titulos,
412 791 599 875 quicumque
619 791 759 874 linguam
777 791 938 874 vulgarem
958 791 1117 868 exhibent,
1135 792 1239 857 valeat

97 917 149 976 per
170 915 209 960 ea
231 896 369 974 saecula,
401 897 515 981 quibus
543 897 616 962 illae
640 899 776 981 scriptae
799 905 872 963 sunt
897 899 1129 980 inscriptiones,
1157 921 1238 982 quae

97 1001 187 1085 recipi
224 1003 326 1068 solent
362 1004 395 1068 in
432 1003 553 1088 Corpus
588 1003 629 1070 ab
661 1004 824 1070 academia
856 1004 1053 1070 Berolinensi
1084 1011 1238 1070 curatum.

97 1107 216 1174 llireris
242 1131 332 1186 sane,
360 1111 454 1195 quod,
482 1133 552 1176 cum
575 1117 625 1176 tot
647 1112 712 1176 sint
734 1111 930 1194 singularum
953 1113 1132 1194 linguarum
1156 1112 1237 1176 anti-

97 1238 225 1296 quarum
252 1225 285 1282 et
313 1218 524 1282 recentiorum
556 1218 693 1294 dialecti,
721 1218 755 1282 iu
782 1219 933 1284 immenso
961 1219 1014 1282 illo
1043 1240 1080 1284 ac
1106 1225 1155 1284 tot
1178 1219 1237 1282 lin-

97 1343 222 1403 guarum
248 1322 327 1390 fines
353 1330 504 1407 tangente
531 1325 664 1409 imperio
690 1325 832 1391 Romano
860 1325 1149 1408 pronuntiationem
1177 1326 1237 1391 lin-

97 1449 170 1511 guae
187 1429 321 1496 Latinae
344 1431 410 1498 fere
432 1431 565 1497 eandem
588 1433 706 1516 ubique
730 1433 825 1496 fnisse
849 1432 959 1497 eadem
982 1432 1015 1496 in
1034 1432 1136 1498 titulis
1159 1433 1236 1497 sori-

97 1535 185 1600 bendi
209 1538 292 1603 ratio
316 1539 533 1604 demonstrare
557 1540 690 1604 ridetur.
911 1621 915 1628 Ι

179 1644 270 1722 Quod
292 1647 347 1728 qui
370 1643 487 1710 factum
511 1644 562 1721 sit,
584 1645 670 1710 haud
694 1646 759 1710 scio
782 1667 823 1710 an
842 1645 902 1710 hoo
919 1644 985 1708 iero
1004 1646 1097 1710 modo
1116 1666 1237 1710 mecum

97 1751 245 1832 explicare
283 1752 372 1816 velis:
409 1751 542 1818 sortasse
578 1752 661 1818 euim
694 1751 802 1835 lingua
833 1751 947 1816 Latina
982 1789 1021 1798 -
1054 1751 1237 1828 „Latinam“

97 1863 195 1921 autem
217 1857 360 1923 consulto
384 1859 468 1936 dico,
495 1879 558 1924 uon
580 1858 789 1936 ,‚Romanam“
815 1897 855 1905 -
879 1861 985 1922 aetate
1008 1857 1237 1941 Imperatorum

98 1964 228 2030 noudum
252 1965 285 2028 in
308 1969 434 2030 tantum
452 1987 503 2029 res
523 1966 694 2030 communis
714 1950 798 2030 lacta
817 1971 886 2030 erat
904 1964 1043 2030 omnium
1062 1965 1236 2030 incolarum

98 2070 213 2152 imperii
236 2071 379 2148 Romani,
402 2079 555 2154 quantum
577 2071 671 2156 vulgo
699 2073 842 2154 ponitur;
870 2073 925 2154 qui
952 2093 1023 2136 cum
1045 2071 1153 2154 lingna
1176 2071 1236 2136 La

98 2175 160 2240 tina
180 2176 246 2242 iere
270 2183 306 2242 ut
328 2179 496 2262 peregrina
514 2185 687 2255 uterentur,
711 2178 837 2262 linguae
859 2178 998 2262 vulgaris
1016 2178 1237 2261 proprietates,

98 2303 168 2365 quas
193 2285 311 2350 milites
337 2284 483 2366 Romani,
511 2285 565 2369 qui
588 2286 683 2368 primi
710 2286 850 2368 linguam
873 2285 1019 2350 Latinam
1042 2285 1075 2348 in
1098 2284 1237 2368 singulas

99 2391 265 2471 provincias
293 2391 449 2469 ferebant,
481 2413 586 2457 secum
615 2393 707 2458 domo
735 2392 924 2469 attulerant,
955 2399 1149 2475 propagatae
1176 2392 1236 2456 lin·

98 2517 182 2577 guam
199 2499 347 2564 Latinam
371 2500 530 2582 vulgarem
553 2521 610 2582 per
628 2521 735 2564 omnes
754 2500 930 2582 provinciae
949 2499 1081 2564 eandem
1100 2506 1133 2564 et
1151 2520 1235 2563 oom-

100 2623 213 2668 muuem
250 2603 443 2680 efficiebant3
481 2612 590 2671 contra
627 2606 719 2690 vulgo
755 2607 899 2689 plerique
930 2606 1137 2689 provinciales
1169 2612 1236 2670 tum

99 2711 216 2791 quidem
250 2712 429 2778 domesticis
461 2713 577 2796 linguis
608 2713 655 2778 uti
687 2712 932 2796 perseverabant
943 2714 976 2796 ¹).
1031 2712 1087 2790 nt,
1120 2714 1236 2778 dixerit

100 2817 259 2901 quispiam,
287 2841 417 2884 curnam
444 2820 594 2902 permulti
622 2820 668 2885 illi
696 2819 781 2884 tituli
809 2819 894 2902 vulgi
923 2840 1000 2884 cura
1021 2819 1117 2902 positi
1140 2826 1236 2903 atque

101 2922 243 3006 imprimis
267 2926 353 2991 tituli
371 2926 560 3009 sepulcrales
578 2926 702 3003 Latina,
725 2948 788 2990 non
806 2927 980 2991 domestica
996 2923 1235 3008 provincialium

100 3028 199 3113 lingua
219 3033 330 3116 scripti
353 3034 446 3098 sunt?
491 3031 573 3098 Sane
596 3041 787 3098 momentum
812 3033 911 3097 ullum
940 3033 968 3097 ei
991 3032 1053 3108 rei,
1080 3031 1163 3115 quod
1187 3053 1236 3096 re-

102 3157 166 3200 rem
186 3145 355 3222 supersunt
382 3140 469 3204 tituli
496 3141 664 3204 vemacnln
687 3161 811 3223 quaque
833 3140 943 3223 lingua
970 3138 1148 3221 compositi,
1175 3139 1234 3202 tri-

101 3241 186 3310 buere
208 3246 295 3322 nolo;
320 3247 375 3312 sed
397 3246 493 3311 liceat
514 3245 629 3312 afferre
653 3245 754 3312 simile
777 3247 954 3329 exemplum
973 3267 1011 3310 ex
1030 3245 1099 3322 hac,
1121 3245 1236 3329 inqua

102 3353 203 3418 studiis
225 3375 354 3437 oporam
377 3353 460 3430 dedi,
483 3352 561 3418 urbe
585 3353 790 3437 argentorati
813 3360 986 3436 sumptum:
1014 3351 1069 3417 ubi
1092 3352 1235 3436 quamvis

103 3457 200 3540 uulgus
223 3459 413 3524 Germanica
434 3460 543 3544 lingua
569 3465 751 3526 constanter
778 3459 844 3525 lere
868 3465 990 3534 utatur,
1017 3460 1044 3524 si
1067 3461 1108 3524 ad
1132 3457 1235 3541 sepul·

103 3570 208 3630 cretum
229 3573 263 3630 te
286 3567 470 3643 contuleris,
498 3587 605 3632 omnes
629 3567 694 3632 fere
717 3567 842 3643 titulos,
864 3566 919 3648 qui
942 3566 1071 3650 quidem
1093 3572 1235 3649 tempore

103 3675 165 3734 aute
190 3671 220 3736 ln
242 3693 266 3738 s
294 3694 412 3738 anuum
435 3672 520 3738 LXX
548 3673 645 3758 positi
668 3673 746 3750 sint,
773 3675 913 3738 iuvenies
940 3673 1108 3757 peregrina
1134 3673 1235 3736 Fran·
1363 3703 1367 3711 ¹

104 3777 279 3858 rogallorum
311 3779 420 3864 lingua
447 3787 627 3865 conceptos3
659 3801 761 3866 neque
788 3781 868 3846 alios
895 3779 993 3846 habes
1019 3779 1131 3845 titulos
1158 3799 1183 3843 e.
1207 3799 1235 3861 g.

104 3892 297 3950 narratorum
322 3887 462 3952 tabernis
485 3889 660 3972 irmcriptos.

179 3991 346 4058 Praeterea
373 3994 518 4060 doctrina
544 3995 751 4080 grammatica
782 4033 820 4042 -
852 3995 879 4059 si
905 3993 966 4059 hoc
992 3993 1089 4059 verbo
1111 3994 1145 4056 iu
1168 4011 1233 4054 sor·

106 4093 169 4162 dido
190 4099 395 4184 lapicidarum
417 4123 547 4168 munere
570 4103 618 4165 uti
641 4101 716 4166 licet
741 4140 778 4148 -
806 4123 868 4186 qua
886 4101 1083 4184 quadratarii
1103 4101 1149 4164 ita
1166 4101 1234 4159 ute·

108 4247 302 4262 ...μ-,ῳ

185 4331 201 4397 ¹)
220 4329 261 4385 De
281 4307 430 4386 Africa'cl.
451 4332 625 4401 Marquardt,
645 4333 740 4386 Roem.
759 4331 1022 4400 Staatsrerwaltuug
1042 4331 1054 4384 I
1072 4347 1099 4399 p.
1118 4326 1171 4380 313
1191 4338 1230 4390 sq.

369 4417 375 4446 Ι
