<?xml version="1.0" encoding="UTF-8"?>
<!DOCTYPE html PUBLIC "-//W3C//DTD XHTML 1.0 Transitional//EN"
    "http://www.w3.org/TR/xhtml1/DTD/xhtml1-transitional.dtd">
<html xmlns="http://www.w3.org/1999/xhtml" xml:lang="en" lang="en">
 <head>
  <title>
</title>
<meta http-equiv="Content-Type" content="text/html;charset=utf-8" />
  <meta name='ocr-system' content='tesseract 3.04.00' />
  <meta name='ocr-capabilities' content='ocr_page ocr_carea ocr_par ocr_line ocrx_word'/>
</head>
<body>
  <div class='ocr_page' id='page_1' title='image "./dissertationesp02unkngoog/dissertationesp02unkngoog_0173.png"; bbox 0 0 3010 4896; ppageno 0'>
   <div class='ocr_carea' id='block_1_1' title="bbox 250 360 957 445">
    <p class='ocr_par' dir='ltr' id='par_1_1' title="bbox 250 360 957 445">
     <span class='ocr_line' id='line_1_1' title="bbox 250 360 957 445; baseline -0.003 -19"><span class='ocrx_word' id='word_1_1' title='bbox 250 361 294 426; x_wconf 82' lang='lat' dir='ltr'><em>so</em></span> <span class='ocrx_word' id='word_1_2' title='bbox 686 397 726 409; x_wconf 91' lang='grc'>-</span> <span class='ocrx_word' id='word_1_3' title='bbox 773 360 868 445; x_wconf 86' lang='lat'>[164]</span> <span class='ocrx_word' id='word_1_4' title='bbox 917 397 957 408; x_wconf 86' lang='lat'>-</span> 
     </span>
    </p>
   </div>
   <div class='ocr_carea' id='block_1_2' title="bbox 251 551 1398 1584">
    <p class='ocr_par' dir='ltr' id='par_1_2' title="bbox 251 551 1398 1584">
     <span class='ocr_line' id='line_1_2' title="bbox 339 551 1390 641; baseline -0.003 -22"><span class='ocrx_word' id='word_1_5' title='bbox 339 555 419 620; x_wconf 84' lang='lat' dir='ltr'><em>Nam</em></span> <span class='ocrx_word' id='word_1_6' title='bbox 447 557 532 638; x_wconf 87' lang='lat' dir='ltr'><em>quod</em></span> <span class='ocrx_word' id='word_1_7' title='bbox 555 555 669 622; x_wconf 81' lang='lat' dir='ltr'><em>Suidss</em></span> <span class='ocrx_word' id='word_1_8' title='bbox 692 577 716 621; x_wconf 88' lang='lat' dir='ltr'><em>s.</em></span> <span class='ocrx_word' id='word_1_9' title='bbox 740 557 781 641; x_wconf 87' lang='lat' dir='ltr'><em>gl.</em></span> <span class='ocrx_word' id='word_1_10' title='bbox 808 557 967 641; x_wconf 86' lang='grc' dir='ltr'><strong><em>Τρίπαλαι</em></strong></span> <span class='ocrx_word' id='word_1_11' title='bbox 990 577 1036 620; x_wconf 85' lang='lat' dir='ltr'><em>vv.</em></span> <span class='ocrx_word' id='word_1_12' title='bbox 1062 552 1235 619; x_wconf 79' lang='lat'>1153-56</span> <span class='ocrx_word' id='word_1_13' title='bbox 1258 551 1390 638; x_wconf 83' lang='lat' dir='ltr'><strong>profert:</strong></span> 
     </span>
     <span class='ocr_line' id='line_1_3' title="bbox 414 654 1255 749; baseline -0.001 -22"><span class='ocrx_word' id='word_1_14' title='bbox 414 663 573 748; x_wconf 76' lang='lat' dir='ltr'><em>Totaatar</em></span> <span class='ocrx_word' id='word_1_15' title='bbox 595 658 756 749; x_wconf 79' lang='grc' dir='ltr'><strong><em>κάθημαι,</em></strong></span> <span class='ocrx_word' id='word_1_16' title='bbox 778 657 984 747; x_wconf 80' lang='grc' dir='ltr'><strong><em>βουλόμενός</em></strong></span> <span class='ocrx_word' id='word_1_17' title='bbox 1007 654 1041 728; x_wconf 90' lang='lat' dir='ltr'><em>o&#39;</em></span> <span class='ocrx_word' id='word_1_18' title='bbox 1063 654 1255 746; x_wconf 76' lang='grc' dir='ltr'><strong><em>εὐεργετεῖν.</em></strong></span> 
     </span>
     <span class='ocr_line' id='line_1_4' title="bbox 410 761 745 853; baseline 0 -19"><span class='ocrx_word' id='word_1_19' title='bbox 410 761 476 853; x_wconf 74' lang='grc' dir='ltr'><em>ἐγώ</em></span> <span class='ocrx_word' id='word_1_20' title='bbox 499 769 536 834; x_wconf 77' lang='lat' dir='ltr'><em>a</em></span> <span class='ocrx_word' id='word_1_21' title='bbox 560 766 745 836; x_wconf 83' lang='grc' dir='ltr'><strong><em>δεκάπαλαι</em></strong></span> 
     </span>
     <span class='ocr_line' id='line_1_5' title="bbox 409 867 1214 963; baseline -0.004 -22"><span class='ocrx_word' id='word_1_22' title='bbox 409 869 430 963; x_wconf 85' lang='grc' dir='ltr'><strong><em>ἢ</em></strong></span> <span class='ocrx_word' id='word_1_23' title='bbox 451 871 642 960; x_wconf 77' lang='grc' dir='ltr'><strong><em>χιλιόπαλαι</em></strong></span> <span class='ocrx_word' id='word_1_24' title='bbox 664 879 721 942; x_wconf 83' lang='grc' dir='ltr'><em>καὶ</em></span> <span class='ocrx_word' id='word_1_25' title='bbox 744 871 916 962; x_wconf 77' lang='grc' dir='ltr'><strong><em>πρόπαλαι</em></strong></span> <span class='ocrx_word' id='word_1_26' title='bbox 938 871 1042 942; x_wconf 85' lang='grc' dir='ltr'><strong><em>πάλαι</em></strong></span> <span class='ocrx_word' id='word_1_27' title='bbox 1064 867 1169 942; x_wconf 80' lang='grc' dir='ltr'><strong><em>πάλαι</em></strong></span> <span class='ocrx_word' id='word_1_28' title='bbox 1178 874 1214 961; x_wconf 88' lang='lat'><em>¹),</em></span> 
     </span>
     <span class='ocr_line' id='line_1_6' title="bbox 411 975 1373 1069; baseline -0.003 -22"><span class='ocrx_word' id='word_1_29' title='bbox 411 975 476 1068; x_wconf 68' lang='lat' dir='ltr'><em>syo}</em></span> <span class='ocrx_word' id='word_1_30' title='bbox 500 983 536 1048; x_wconf 77' lang='grc' dir='ltr'><em>δὲ</em></span> <span class='ocrx_word' id='word_1_31' title='bbox 558 979 836 1068; x_wconf 81' lang='grc' dir='ltr'><strong><em>τρισμυριόπαλαι</em></strong></span> <span class='ocrx_word' id='word_1_32' title='bbox 859 984 916 1048; x_wconf 83' lang='grc' dir='ltr'><em>καὶ</em></span> <span class='ocrx_word' id='word_1_33' title='bbox 937 978 1111 1069; x_wconf 87' lang='grc' dir='ltr'><strong><em>πρόπαλαι</em></strong></span> <span class='ocrx_word' id='word_1_34' title='bbox 1133 977 1237 1048; x_wconf 88' lang='grc' dir='ltr'><strong><em>πόλαι</em></strong></span> <span class='ocrx_word' id='word_1_35' title='bbox 1259 975 1373 1058; x_wconf 79' lang='grc' dir='ltr'><strong><em>πάλαι,</em></strong></span> 
     </span>
     <span class='ocr_line' id='line_1_7' title="bbox 251 1087 1396 1175; baseline -0.003 -19"><span class='ocrx_word' id='word_1_36' title='bbox 251 1091 324 1156; x_wconf 81' lang='lat' dir='ltr'><em>hinc</em></span> <span class='ocrx_word' id='word_1_37' title='bbox 350 1113 414 1157; x_wconf 90' lang='lat' dir='ltr'><em>non</em></span> <span class='ocrx_word' id='word_1_38' title='bbox 441 1091 689 1158; x_wconf 82' lang='lat' dir='ltr'><em>concludendum</em></span> <span class='ocrx_word' id='word_1_39' title='bbox 719 1097 768 1156; x_wconf 81' lang='lat' dir='ltr'><em>ast</em></span> <span class='ocrx_word' id='word_1_40' title='bbox 794 1113 831 1175; x_wconf 81' lang='grc' dir='ltr'><em>γε</em></span> <span class='ocrx_word' id='word_1_41' title='bbox 857 1090 1046 1174; x_wconf 84' lang='lat' dir='ltr'><em>partioulam</em></span> <span class='ocrx_word' id='word_1_42' title='bbox 1072 1095 1107 1155; x_wconf 88' lang='lat' dir='ltr'><em>ut</em></span> <span class='ocrx_word' id='word_1_43' title='bbox 1134 1089 1174 1154; x_wconf 85' lang='lat' dir='ltr'><em>R¹</em></span> <span class='ocrx_word' id='word_1_44' title='bbox 1207 1088 1252 1154; x_wconf 74' lang='lat' dir='ltr'><em>sin</em></span> <span class='ocrx_word' id='word_1_45' title='bbox 1278 1087 1396 1153; x_wconf 83' lang='lat' dir='ltr'><em>Suidoo</em></span> 
     </span>
     <span class='ocr_line' id='line_1_8' title="bbox 252 1196 1396 1282; baseline -0.003 -20"><span class='ocrx_word' id='word_1_46' title='bbox 252 1197 352 1263; x_wconf 88' lang='lat' dir='ltr'><em>oodioi</em></span> <span class='ocrx_word' id='word_1_47' title='bbox 380 1197 611 1282; x_wconf 74' lang='lat' dir='ltr'><strong>Aristophaneo</strong></span> <span class='ocrx_word' id='word_1_48' title='bbox 639 1197 791 1274; x_wconf 79' lang='lat' dir='ltr'><em>defuiss03</em></span> <span class='ocrx_word' id='word_1_49' title='bbox 823 1196 986 1263; x_wconf 84' lang='lat' dir='ltr'><em>aborrauIt</em></span> <span class='ocrx_word' id='word_1_50' title='bbox 1013 1197 1096 1263; x_wconf 83' lang='lat' dir='ltr'><em>onim</em></span> <span class='ocrx_word' id='word_1_51' title='bbox 1123 1196 1237 1262; x_wconf 87' lang='lat' dir='ltr'><em>Suidas</em></span> <span class='ocrx_word' id='word_1_52' title='bbox 1268 1217 1290 1260; x_wconf 84' lang='lat' dir='ltr'><em>a</em></span> <span class='ocrx_word' id='word_1_53' title='bbox 1318 1215 1396 1259; x_wconf 84' lang='lat' dir='ltr'><em>uooo</em></span> 
     </span>
     <span class='ocr_line' id='line_1_9' title="bbox 253 1299 1398 1389; baseline -0.004 -20"><span class='ocrx_word' id='word_1_54' title='bbox 253 1299 438 1369; x_wconf 69' lang='lat' dir='ltr'><em>tondantur</em></span> <span class='ocrx_word' id='word_1_55' title='bbox 469 1302 502 1367; x_wconf 89' lang='lat' dir='ltr'><em>in</em></span> <span class='ocrx_word' id='word_1_56' title='bbox 529 1325 655 1370; x_wconf 81' lang='lat' dir='ltr'><em>uersum</em></span> <span class='ocrx_word' id='word_1_57' title='bbox 683 1309 867 1387; x_wconf 78' lang='lat' dir='ltr'><strong>sequentem</strong></span> <span class='ocrx_word' id='word_1_58' title='bbox 895 1309 927 1369; x_wconf 87' lang='lat' dir='ltr'><em>et</em></span> <span class='ocrx_word' id='word_1_59' title='bbox 958 1310 1070 1389; x_wconf 83' lang='lat' dir='ltr'><em>sponte</em></span> <span class='ocrx_word' id='word_1_60' title='bbox 1101 1305 1229 1387; x_wconf 82' lang='lat' dir='ltr'><strong>insuper</strong></span> <span class='ocrx_word' id='word_1_61' title='bbox 1259 1301 1398 1368; x_wconf 83' lang='lat' dir='ltr'><em>mutauit</em></span> 
     </span>
     <span class='ocr_line' id='line_1_10' title="bbox 252 1411 1036 1497; baseline 0.003 -23"><span class='ocrx_word' id='word_1_62' title='bbox 252 1433 279 1477; x_wconf 78' lang='lat' dir='ltr'><em>v.</em></span> <span class='ocrx_word' id='word_1_63' title='bbox 304 1412 389 1476; x_wconf 82' lang='lat'>1156</span> <span class='ocrx_word' id='word_1_64' title='bbox 412 1412 535 1478; x_wconf 87' lang='lat' dir='ltr'><em>omissis</em></span> <span class='ocrx_word' id='word_1_65' title='bbox 557 1411 761 1497; x_wconf 79' lang='grc' dir='ltr'><strong><em>προσδοκῶν</em></strong></span> <span class='ocrx_word' id='word_1_66' title='bbox 784 1417 875 1495; x_wconf 79' lang='lat' dir='ltr'><em>atys</em></span> <span class='ocrx_word' id='word_1_67' title='bbox 897 1411 1036 1478; x_wconf 83' lang='lat' dir='ltr'><em>uocibus.</em></span> 
     </span>
     <span class='ocr_line' id='line_1_11' title="bbox 341 1517 1397 1584; baseline -0.002 -1"><span class='ocrx_word' id='word_1_68' title='bbox 341 1518 419 1584; x_wconf 82' lang='lat' dir='ltr'><em>Cum</em></span> <span class='ocrx_word' id='word_1_69' title='bbox 446 1523 553 1583; x_wconf 85' lang='lat' dir='ltr'><em>autom</em></span> <span class='ocrx_word' id='word_1_70' title='bbox 580 1540 619 1583; x_wconf 86' lang='lat' dir='ltr'><em>ox</em></span> <span class='ocrx_word' id='word_1_71' title='bbox 643 1518 690 1582; x_wconf 74' lang='lat' dir='ltr'><em>R¹⁸</em></span> <span class='ocrx_word' id='word_1_72' title='bbox 708 1519 797 1583; x_wconf 89' lang='lat' dir='ltr'><em>uitiis</em></span> <span class='ocrx_word' id='word_1_73' title='bbox 823 1519 925 1584; x_wconf 84' lang='lat' dir='ltr'><em>multa</em></span> <span class='ocrx_word' id='word_1_74' title='bbox 951 1520 1006 1582; x_wconf 85' lang='lat' dir='ltr'><em>uix</em></span> <span class='ocrx_word' id='word_1_75' title='bbox 1033 1517 1157 1582; x_wconf 83' lang='lat' dir='ltr'><em>librarii</em></span> <span class='ocrx_word' id='word_1_76' title='bbox 1180 1518 1302 1582; x_wconf 82' lang='lat' dir='ltr'><em>inauris</em></span> <span class='ocrx_word' id='word_1_77' title='bbox 1323 1521 1397 1582; x_wconf 80' lang='lat' dir='ltr'><em>orta</em></span> 
     </span>
    </p>
   </div>
   <div class='ocr_carea' id='block_1_3' title="bbox 252 1624 1499 1710">
    <p class='ocr_par' dir='ltr' id='par_1_3' title="bbox 252 1624 1499 1710">
     <span class='ocr_line' id='line_1_12' title="bbox 252 1624 1499 1710; baseline -0.002 -19"><span class='ocrx_word' id='word_1_78' title='bbox 252 1647 321 1692; x_wconf 82' lang='lat' dir='ltr'><em>osso</em></span> <span class='ocrx_word' id='word_1_79' title='bbox 346 1627 480 1710; x_wconf 88' lang='lat' dir='ltr'><em>possint,</em></span> <span class='ocrx_word' id='word_1_80' title='bbox 512 1645 569 1690; x_wconf 86' lang='lat' dir='ltr'><em>noo</em></span> <span class='ocrx_word' id='word_1_81' title='bbox 600 1645 671 1688; x_wconf 89' lang='lat' dir='ltr'><em>oum</em></span> <span class='ocrx_word' id='word_1_82' title='bbox 698 1625 881 1690; x_wconf 74' lang='lat' dir='ltr'>Rauennate</span> <span class='ocrx_word' id='word_1_83' title='bbox 913 1626 982 1709; x_wconf 89' lang='lat' dir='ltr'><em>ipso</em></span> <span class='ocrx_word' id='word_1_84' title='bbox 1014 1647 1071 1690; x_wconf 87' lang='lat' dir='ltr'><em>noo</em></span> <span class='ocrx_word' id='word_1_85' title='bbox 1104 1645 1175 1690; x_wconf 86' lang='lat' dir='ltr'><em>oum</em></span> <span class='ocrx_word' id='word_1_86' title='bbox 1201 1624 1397 1690; x_wconf 82' lang='lat' dir='ltr'><em>Rauennatis</em></span> <span class='ocrx_word' id='word_1_87' title='bbox 1498 1631 1499 1656; x_wconf 70' lang='lat'><em>³</em></span> 
     </span>
    </p>
   </div>
   <div class='ocr_carea' id='block_1_4' title="bbox 252 1729 1234 1818">
    <p class='ocr_par' dir='ltr' id='par_1_4' title="bbox 252 1729 1234 1818">
     <span class='ocr_line' id='line_1_13' title="bbox 252 1729 1234 1818; baseline -0.001 -21"><span class='ocrx_word' id='word_1_88' title='bbox 252 1733 423 1818; x_wconf 75' lang='lat' dir='ltr'><em>archetypo</em></span> <span class='ocrx_word' id='word_1_89' title='bbox 446 1731 512 1797; x_wconf 83' lang='lat' dir='ltr'><em>ulla</em></span> <span class='ocrx_word' id='word_1_90' title='bbox 534 1729 689 1797; x_wconf 81' lang='lat' dir='ltr'><em>affinitate</em></span> <span class='ocrx_word' id='word_1_91' title='bbox 711 1731 827 1798; x_wconf 86' lang='lat' dir='ltr'><em>Suidao</em></span> <span class='ocrx_word' id='word_1_92' title='bbox 850 1732 948 1798; x_wconf 81' lang='lat' dir='ltr'><em>sodex</em></span> <span class='ocrx_word' id='word_1_93' title='bbox 971 1733 1156 1798; x_wconf 86' lang='lat' dir='ltr'><em>ooniunotus</em></span> <span class='ocrx_word' id='word_1_94' title='bbox 1178 1738 1234 1797; x_wconf 82' lang='lat' dir='ltr'><em>ost</em></span> 
     </span>
    </p>
   </div>
   <div class='ocr_carea' id='block_1_5' title="bbox 227 1892 1402 2746">
    <p class='ocr_par' dir='ltr' id='par_1_5' title="bbox 787 1892 859 1974">
     <span class='ocr_line' id='line_1_14' title="bbox 787 1892 859 1974; baseline 0 -18"><span class='ocrx_word' id='word_1_95' title='bbox 787 1896 807 1974; x_wconf 65' lang='grc' dir='ltr'>ξ</span> <span class='ocrx_word' id='word_1_96' title='bbox 831 1892 859 1956; x_wconf 80' lang='grc'><em>7.</em></span> 
     </span>
    </p>

    <p class='ocr_par' dir='ltr' id='par_1_6' title="bbox 227 2015 1402 2746">
     <span class='ocr_line' id='line_1_15' title="bbox 341 2015 1399 2104; baseline 0.001 -23"><span class='ocrx_word' id='word_1_97' title='bbox 341 2017 485 2100; x_wconf 81' lang='lat' dir='ltr'><em>Denique</em></span> <span class='ocrx_word' id='word_1_98' title='bbox 511 2017 551 2082; x_wconf 88' lang='lat' dir='ltr'><em>do</em></span> <span class='ocrx_word' id='word_1_99' title='bbox 579 2017 685 2082; x_wconf 85' lang='lat' dir='ltr'><em>oodico</em></span> <span class='ocrx_word' id='word_1_100' title='bbox 712 2016 960 2084; x_wconf 86' lang='lat' dir='ltr'><em>Ambrosiano</em></span> <span class='ocrx_word' id='word_1_101' title='bbox 988 2015 1062 2104; x_wconf 85' lang='lat' dir='ltr'><em>(M)</em></span> <span class='ocrx_word' id='word_1_102' title='bbox 1089 2037 1190 2100; x_wconf 82' lang='lat' dir='ltr'><em>pauca</em></span> <span class='ocrx_word' id='word_1_103' title='bbox 1212 2016 1399 2082; x_wconf 77' lang='lat' dir='ltr'><em>dimeronda</em></span> 
     </span>
     <span class='ocr_line' id='line_1_16' title="bbox 253 2123 1399 2212; baseline -0.002 -22"><span class='ocrx_word' id='word_1_104' title='bbox 253 2131 334 2190; x_wconf 78' lang='lat' dir='ltr'><em>sunt</em></span> <span class='ocrx_word' id='word_1_105' title='bbox 380 2125 427 2189; x_wconf 87' lang='lat' dir='ltr'><em>De</em></span> <span class='ocrx_word' id='word_1_106' title='bbox 450 2145 513 2207; x_wconf 90' lang='lat' dir='ltr'><em>quo</em></span> <span class='ocrx_word' id='word_1_107' title='bbox 536 2145 608 2188; x_wconf 90' lang='lat' dir='ltr'><em>oum</em></span> <span class='ocrx_word' id='word_1_108' title='bbox 625 2124 814 2212; x_wconf 61' lang='lat' dir='ltr'><em>Venenum)</em></span> <span class='ocrx_word' id='word_1_109' title='bbox 838 2123 917 2190; x_wconf 80' lang='lat' dir='ltr'><em>haee</em></span> <span class='ocrx_word' id='word_1_110' title='bbox 938 2125 1133 2190; x_wconf 78' lang='lat' dir='ltr'><strong>adnotasset:</strong></span> <span class='ocrx_word' id='word_1_111' title='bbox 1157 2129 1252 2206; x_wconf 80' lang='lat' dir='ltr'><em>atqua</em></span> <span class='ocrx_word' id='word_1_112' title='bbox 1269 2125 1299 2188; x_wconf 81' lang='lat' dir='ltr'><em>is</em></span> <span class='ocrx_word' id='word_1_113' title='bbox 1317 2123 1399 2188; x_wconf 81' lang='lat' dir='ltr'><em>libor</em></span> 
     </span>
     <span class='ocr_line' id='line_1_17' title="bbox 227 2231 1399 2315; baseline -0.001 -19"><span class='ocrx_word' id='word_1_114' title='bbox 227 2231 491 2315; x_wconf 49' lang='lat' dir='ltr'><em>³dilipontissimo</em></span> <span class='ocrx_word' id='word_1_115' title='bbox 512 2233 619 2313; x_wconf 80' lang='lat' dir='ltr'><em>piatus·</em></span> <span class='ocrx_word' id='word_1_116' title='bbox 646 2233 832 2314; x_wconf 81' lang='lat' dir='ltr'><em>pronissimi</em></span> <span class='ocrx_word' id='word_1_117' title='bbox 854 2233 890 2296; x_wconf 89' lang='lat' dir='ltr'><em>in</em></span> <span class='ocrx_word' id='word_1_118' title='bbox 912 2232 1138 2298; x_wconf 71' lang='lat' dir='ltr'><em>constituendis</em></span> <span class='ocrx_word' id='word_1_119' title='bbox 1154 2235 1269 2312; x_wconf 82' lang='lat' dir='ltr'><em>poetae</em></span> <span class='ocrx_word' id='word_1_120' title='bbox 1289 2231 1399 2296; x_wconf 84' lang='lat' dir='ltr'><em>uerbis</em></span> 
     </span>
     <span class='ocr_line' id='line_1_18' title="bbox 253 2335 1400 2422; baseline 0 -20"><span class='ocrx_word' id='word_1_121' title='bbox 253 2343 297 2402; x_wconf 88' lang='lat' dir='ltr'><em>ost</em></span> <span class='ocrx_word' id='word_1_122' title='bbox 320 2340 478 2419; x_wconf 79' lang='lat' dir='ltr'><em>mananti,</em></span> <span class='ocrx_word' id='word_1_123' title='bbox 502 2343 608 2420; x_wconf 84' lang='lat' dir='ltr'><em>utpote</em></span> <span class='ocrx_word' id='word_1_124' title='bbox 631 2335 688 2422; x_wconf 67' lang='lat' dir='ltr'><em>oui</em></span> <span class='ocrx_word' id='word_1_125' title='bbox 709 2341 880 2422; x_wconf 79' lang='lat' dir='ltr'><em>pouainam</em></span> <span class='ocrx_word' id='word_1_126' title='bbox 901 2338 1130 2419; x_wconf 63' lang='lat' dir='ltr'><em>Aristophanis</em></span> <span class='ocrx_word' id='word_1_127' title='bbox 1151 2359 1281 2404; x_wconf 82' lang='lat' dir='ltr'><em>nmmum</em></span> <span class='ocrx_word' id='word_1_128' title='bbox 1303 2359 1400 2420; x_wconf 79' lang='lat' dir='ltr'><em>saepo</em></span> 
     </span>
     <span class='ocr_line' id='line_1_19' title="bbox 253 2445 1398 2529; baseline 0.001 -20"><span class='ocrx_word' id='word_1_129' title='bbox 253 2447 432 2510; x_wconf 78' lang='lat' dir='ltr'><em>seruauerit</em></span> <span class='ocrx_word' id='word_1_130' title='bbox 450 2446 536 2510; x_wconf 85' lang='lat' dir='ltr'><em>sotus</em></span> <span class='ocrx_word' id='word_1_131' title='bbox 554 2467 624 2510; x_wconf 84' lang='lat' dir='ltr'><em>oum</em></span> <span class='ocrx_word' id='word_1_132' title='bbox 638 2445 836 2526; x_wconf 71' lang='lat' dir='ltr'><em>Rauennate,</em></span> <span class='ocrx_word' id='word_1_133' title='bbox 857 2447 1016 2512; x_wconf 81' lang='lat' dir='ltr'><em>interdum</em></span> <span class='ocrx_word' id='word_1_134' title='bbox 1035 2446 1184 2529; x_wconf 77' lang='lat' dir='ltr'><em>quamuis</em></span> <span class='ocrx_word' id='word_1_135' title='bbox 1202 2467 1280 2511; x_wconf 88' lang='lat' dir='ltr'><em>raro</em></span> <span class='ocrx_word' id='word_1_136' title='bbox 1298 2445 1398 2525; x_wconf 85' lang='lat' dir='ltr'><em>solus,</em></span> 
     </span>
     <span class='ocr_line' id='line_1_20' title="bbox 255 2552 1402 2636; baseline 0.002 -19"><span class='ocrx_word' id='word_1_137' title='bbox 255 2553 460 2636; x_wconf 58' lang='lat' dir='ltr'><em>Sestertium)</em></span> <span class='ocrx_word' id='word_1_138' title='bbox 484 2557 513 2616; x_wconf 87' lang='lat' dir='ltr'><em>ot</em></span> <span class='ocrx_word' id='word_1_139' title='bbox 535 2552 613 2616; x_wconf 82' lang='lat' dir='ltr'><em>miti</em></span> <span class='ocrx_word' id='word_1_140' title='bbox 634 2574 766 2636; x_wconf 76' lang='lat' dir='ltr'><em>quoque,</em></span> <span class='ocrx_word' id='word_1_141' title='bbox 792 2554 904 2636; x_wconf 85' lang='lat' dir='ltr'><em>Inquit,</em></span> <span class='ocrx_word' id='word_1_142' title='bbox 928 2553 1003 2617; x_wconf 88' lang='lat' dir='ltr'><em>otim</em></span> <span class='ocrx_word' id='word_1_143' title='bbox 1026 2573 1090 2618; x_wconf 90' lang='lat' dir='ltr'><em>non</em></span> <span class='ocrx_word' id='word_1_144' title='bbox 1112 2573 1283 2618; x_wconf 74' lang='lat' dir='ltr'><em>asseriano</em></span> <span class='ocrx_word' id='word_1_145' title='bbox 1301 2552 1402 2619; x_wconf 80' lang='lat' dir='ltr'><em>huius</em></span> 
     </span>
     <span class='ocr_line' id='line_1_21' title="bbox 254 2658 1402 2746; baseline 0.002 -24"><span class='ocrx_word' id='word_1_146' title='bbox 254 2659 465 2739; x_wconf 81' lang='lat' dir='ltr'><em>nranusoripti</em></span> <span class='ocrx_word' id='word_1_147' title='bbox 491 2658 597 2742; x_wconf 76' lang='lat' dir='ltr'><em>ploria</em></span> <span class='ocrx_word' id='word_1_148' title='bbox 625 2660 794 2725; x_wconf 81' lang='lat' dir='ltr'><em>uidebatur</em></span> <span class='ocrx_word' id='word_1_149' title='bbox 821 2661 869 2724; x_wconf 88' lang='lat' dir='ltr'><em>ita</em></span> <span class='ocrx_word' id='word_1_150' title='bbox 896 2665 931 2726; x_wconf 89' lang='lat' dir='ltr'><em>ut</em></span> <span class='ocrx_word' id='word_1_151' title='bbox 959 2661 1054 2724; x_wconf 86' lang='lat' dir='ltr'><em>etiam</em></span> <span class='ocrx_word' id='word_1_152' title='bbox 1082 2661 1341 2746; x_wconf 76' lang='lat' dir='ltr'><em>antiquissimam</em></span> <span class='ocrx_word' id='word_1_153' title='bbox 1372 2662 1402 2724; x_wconf 85' lang='lat' dir='ltr'><em>ei</em></span> 
     </span>
    </p>
   </div>
   <div class='ocr_carea' id='block_1_6' title="bbox 255 2752 1402 2908">
    <p class='ocr_par' dir='ltr' id='par_1_7' title="bbox 255 2752 1402 2908">
     <span class='ocr_line' id='line_1_22' title="bbox 255 2752 1402 2908; baseline 0.003 -79"><span class='ocrx_word' id='word_1_154' title='bbox 255 2767 407 2849; x_wconf 76' lang='lat' dir='ltr'><em>oripInam</em></span> <span class='ocrx_word' id='word_1_155' title='bbox 434 2752 602 2832; x_wconf 71' lang='lat' dir='ltr'><em>uindicare</em></span> <span class='ocrx_word' id='word_1_156' title='bbox 630 2787 694 2831; x_wconf 88' lang='lat' dir='ltr'><em>non</em></span> <span class='ocrx_word' id='word_1_157' title='bbox 722 2767 907 2908; x_wconf 56' lang='lat' dir='ltr'><em>dubitarem.</em></span> <span class='ocrx_word' id='word_1_158' title='bbox 930 2766 1125 2908; x_wconf 38' lang='lat' dir='ltr'><em>{Profectus</em></span> <span class='ocrx_word' id='word_1_159' title='bbox 1151 2767 1234 2831; x_wconf 82' lang='lat' dir='ltr'><em>onim</em></span> <span class='ocrx_word' id='word_1_160' title='bbox 1260 2787 1349 2831; x_wconf 83' lang='lat' dir='ltr'><em>arom</em></span> <span class='ocrx_word' id='word_1_161' title='bbox 1379 2791 1402 2832; x_wconf 92' lang='grc' dir='ltr'><strong><em>α</em></strong></span> 
     </span>
    </p>
   </div>
   <div class='ocr_carea' id='block_1_7' title="bbox 252 2873 1499 3866">
    <p class='ocr_par' dir='ltr' id='par_1_8' title="bbox 252 2873 1499 3866">
     <span class='ocr_line' id='line_1_23' title="bbox 848 2873 986 2908; baseline 0 0"><span class='ocrx_word' id='word_1_162' title='bbox 848 2899 853 2908; x_wconf 96' lang='grc'>.</span> <span class='ocrx_word' id='word_1_163' title='bbox 909 2874 929 2908; x_wconf 80' lang='lat' dir='ltr'><em>n</em></span> <span class='ocrx_word' id='word_1_164' title='bbox 942 2873 986 2908; x_wconf 68' lang='lat' dir='ltr'><em>&#39;tw</em></span> 
     </span>
     <span class='ocr_line' id='line_1_24' title="bbox 254 2874 1499 3013; baseline 0.002 -23"><span class='ocrx_word' id='word_1_165' title='bbox 254 2949 280 2991; x_wconf 88' lang='lat' dir='ltr'><em>o.</em></span> <span class='ocrx_word' id='word_1_166' title='bbox 300 2931 371 3005; x_wconf 81' lang='lat'><strong><em>673,</em></strong></span> <span class='ocrx_word' id='word_1_167' title='bbox 391 2925 446 2990; x_wconf 82' lang='lat' dir='ltr'><em>ubi</em></span> <span class='ocrx_word' id='word_1_168' title='bbox 464 2928 506 2991; x_wconf 83' lang='lat' dir='ltr'><em>M</em></span> <span class='ocrx_word' id='word_1_169' title='bbox 517 2929 710 3008; x_wconf 77' lang='lat' dir='ltr'><em>scripturam</em></span> <span class='ocrx_word' id='word_1_170' title='bbox 723 2874 855 3008; x_wconf 68' lang='lat' dir='ltr'><em>praeiit</em></span> <span class='ocrx_word' id='word_1_171' title='bbox 874 2875 1006 3013; x_wconf 67' lang='grc' dir='ltr'><strong><em>ἐόρέτω.</em></strong></span> <span class='ocrx_word' id='word_1_172' title='bbox 1048 2925 1125 2992; x_wconf 81' lang='lat' dir='ltr'><em>Oum</em></span> <span class='ocrx_word' id='word_1_173' title='bbox 1142 2928 1243 3010; x_wconf 80' lang='lat' dir='ltr'><em>ipitur</em></span> <span class='ocrx_word' id='word_1_174' title='bbox 1262 2923 1402 3011; x_wconf 81' lang='grc' dir='ltr'><strong><em>ἐρρέτω,</em></strong></span> <span class='ocrx_word' id='word_1_175' title='bbox 1498 2995 1499 3004; x_wconf 57' lang='grc'><strong><em>,</em></strong></span> 
     </span>
     <span class='ocr_line' id='line_1_25' title="bbox 256 3033 1400 3118; baseline 0.003 -22"><span class='ocrx_word' id='word_1_176' title='bbox 256 3034 342 3115; x_wconf 82' lang='lat' dir='ltr'><em>quod</em></span> <span class='ocrx_word' id='word_1_177' title='bbox 372 3034 438 3097; x_wconf 87' lang='lat' dir='ltr'><em>iam</em></span> <span class='ocrx_word' id='word_1_178' title='bbox 459 3034 641 3100; x_wconf 43' lang='lat' dir='ltr'><em>*scholiasta</em></span> <span class='ocrx_word' id='word_1_179' title='bbox 672 3035 707 3098; x_wconf 91' lang='lat' dir='ltr'><em>in</em></span> <span class='ocrx_word' id='word_1_180' title='bbox 740 3035 864 3118; x_wconf 82' lang='lat' dir='ltr'><em>aliquot</em></span> <span class='ocrx_word' id='word_1_181' title='bbox 896 3035 1127 3115; x_wconf 80' lang='lat' dir='ltr'><em>oannplaribus</em></span> <span class='ocrx_word' id='word_1_182' title='bbox 1158 3033 1220 3117; x_wconf 76' lang='lat' dir='ltr'><em>topi</em></span> <span class='ocrx_word' id='word_1_183' title='bbox 1251 3039 1400 3114; x_wconf 83' lang='lat' dir='ltr'><em>testatur,</em></span> 
     </span>
     <span class='ocr_line' id='line_1_26' title="bbox 256 3141 1403 3225; baseline 0.003 -21"><span class='ocrx_word' id='word_1_184' title='bbox 256 3141 346 3220; x_wconf 76' lang='lat' dir='ltr'><em>aprici</em></span> <span class='ocrx_word' id='word_1_185' title='bbox 368 3141 504 3205; x_wconf 84' lang='lat' dir='ltr'><em>Snidam</em></span> <span class='ocrx_word' id='word_1_186' title='bbox 526 3146 669 3206; x_wconf 87' lang='lat' dir='ltr'><em>nostrum</em></span> <span class='ocrx_word' id='word_1_187' title='bbox 690 3161 818 3206; x_wconf 85' lang='lat' dir='ltr'><em>norsum</em></span> <span class='ocrx_word' id='word_1_188' title='bbox 840 3141 1026 3206; x_wconf 80' lang='lat' dir='ltr'><em>laudantem</em></span> <span class='ocrx_word' id='word_1_189' title='bbox 1047 3141 1238 3222; x_wconf 81' lang='lat' dir='ltr'><em>reperiatur,</em></span> <span class='ocrx_word' id='word_1_190' title='bbox 1267 3161 1403 3225; x_wconf 68' lang='lat' dir='ltr'><em>mumque</em></span> 
     </span>
     <span class='ocr_line' id='line_1_27' title="bbox 255 3245 1403 3327; baseline 0.003 -17"><span class='ocrx_word' id='word_1_191' title='bbox 255 3249 385 3327; x_wconf 84' lang='lat' dir='ltr'><em>insuper</em></span> <span class='ocrx_word' id='word_1_192' title='bbox 416 3247 581 3313; x_wconf 81' lang='lat' dir='ltr'><em>nonnullis</em></span> <span class='ocrx_word' id='word_1_193' title='bbox 613 3249 689 3314; x_wconf 85' lang='lat' dir='ltr'><em>toois</em></span> <span class='ocrx_word' id='word_1_194' title='bbox 721 3269 790 3314; x_wconf 87' lang='lat' dir='ltr'><em>oum</em></span> <span class='ocrx_word' id='word_1_195' title='bbox 821 3245 926 3314; x_wconf 83' lang='lat' dir='ltr'><em>Suida</em></span> <span class='ocrx_word' id='word_1_196' title='bbox 958 3250 1000 3313; x_wconf 87' lang='lat' dir='ltr'><em>M</em></span> <span class='ocrx_word' id='word_1_197' title='bbox 1025 3248 1120 3313; x_wconf 80' lang='lat' dir='ltr'><em>sodon</em></span> <span class='ocrx_word' id='word_1_198' title='bbox 1152 3247 1328 3327; x_wconf 83' lang='lat' dir='ltr'><em>concordat,</em></span> <span class='ocrx_word' id='word_1_199' title='bbox 1365 3251 1403 3313; x_wconf 86' lang='lat' dir='ltr'><em>in</em></span> 
     </span>
     <span class='ocr_line' id='line_1_28' title="bbox 255 3351 1403 3436; baseline 0.003 -18"><span class='ocrx_word' id='word_1_200' title='bbox 255 3359 385 3418; x_wconf 79' lang='lat' dir='ltr'><em>montom</em></span> <span class='ocrx_word' id='word_1_201' title='bbox 410 3351 488 3418; x_wconf 79' lang='lat' dir='ltr'><em>miti</em></span> <span class='ocrx_word' id='word_1_202' title='bbox 514 3357 602 3420; x_wconf 84' lang='lat' dir='ltr'><em>uenit</em></span> <span class='ocrx_word' id='word_1_203' title='bbox 629 3357 808 3421; x_wconf 77' lang='lat' dir='ltr'><em>conmotura</em></span> <span class='ocrx_word' id='word_1_204' title='bbox 835 3355 1081 3421; x_wconf 85' lang='lat' dir='ltr'><em>Ambrosianum</em></span> <span class='ocrx_word' id='word_1_205' title='bbox 1107 3354 1246 3436; x_wconf 80' lang='lat' dir='ltr'><em>sortasse</em></span> <span class='ocrx_word' id='word_1_206' title='bbox 1272 3377 1311 3419; x_wconf 82' lang='lat' dir='ltr'><em>ea</em></span> <span class='ocrx_word' id='word_1_207' title='bbox 1340 3355 1403 3422; x_wconf 83' lang='lat' dir='ltr'><em>itio</em></span> 
     </span>
     <span class='ocr_line' id='line_1_29' title="bbox 256 3459 1403 3547; baseline 0.003 -23"><span class='ocrx_word' id='word_1_208' title='bbox 256 3461 337 3525; x_wconf 79' lang='lat' dir='ltr'><em>libro</em></span> <span class='ocrx_word' id='word_1_209' title='bbox 359 3459 508 3526; x_wconf 80' lang='lat' dir='ltr'><em>tamtum</em></span> <span class='ocrx_word' id='word_1_210' title='bbox 536 3482 612 3541; x_wconf 84' lang='lat' dir='ltr'><em>esso,</em></span> <span class='ocrx_word' id='word_1_211' title='bbox 642 3484 704 3547; x_wconf 83' lang='lat' dir='ltr'><em>quo</em></span> <span class='ocrx_word' id='word_1_212' title='bbox 732 3463 799 3544; x_wconf 86' lang='lat' dir='ltr'><em>ipse</em></span> <span class='ocrx_word' id='word_1_213' title='bbox 825 3461 947 3529; x_wconf 80' lang='lat' dir='ltr'><em>Suidas</em></span> <span class='ocrx_word' id='word_1_214' title='bbox 969 3483 1047 3528; x_wconf 88' lang='lat' dir='ltr'><em>usus</em></span> <span class='ocrx_word' id='word_1_215' title='bbox 1074 3465 1159 3527; x_wconf 83' lang='lat' dir='ltr'><em>asset.</em></span> <span class='ocrx_word' id='word_1_216' title='bbox 1206 3462 1403 3528; x_wconf 57' lang='lat' dir='ltr'><em>stauratius</em></span> 
     </span>
     <span class='ocr_line' id='line_1_30' title="bbox 257 3567 1405 3650; baseline 0.003 -19"><span class='ocrx_word' id='word_1_217' title='bbox 257 3571 362 3633; x_wconf 84' lang='lat' dir='ltr'><em>tamen</em></span> <span class='ocrx_word' id='word_1_218' title='bbox 385 3569 591 3634; x_wconf 82' lang='lat' dir='ltr'><em>Ambrosiam</em></span> <span class='ocrx_word' id='word_1_219' title='bbox 618 3571 793 3634; x_wconf 82' lang='lat' dir='ltr'><em>auamr&#39;noti</em></span> <span class='ocrx_word' id='word_1_220' title='bbox 820 3574 849 3633; x_wconf 81' lang='lat' dir='ltr'><em>n</em></span> <span class='ocrx_word' id='word_1_221' title='bbox 876 3589 945 3634; x_wconf 87' lang='lat' dir='ltr'><em>oum</em></span> <span class='ocrx_word' id='word_1_222' title='bbox 973 3569 1081 3634; x_wconf 83' lang='lat' dir='ltr'><em>sotoris</em></span> <span class='ocrx_word' id='word_1_223' title='bbox 1108 3567 1199 3633; x_wconf 80' lang='lat' dir='ltr'><em>tibris</em></span> <span class='ocrx_word' id='word_1_224' title='bbox 1222 3572 1405 3650; x_wconf 84' lang='lat' dir='ltr'><em>comparati</em></span> 
     </span>
     <span class='ocr_line' id='line_1_31' title="bbox 252 3675 1403 3758; baseline 0.003 -19"><span class='ocrx_word' id='word_1_225' title='bbox 252 3696 388 3755; x_wconf 85' lang='lat' dir='ltr'><em>prorsas</em></span> <span class='ocrx_word' id='word_1_226' title='bbox 414 3677 542 3740; x_wconf 80' lang='lat' dir='ltr'><em>inanem</em></span> <span class='ocrx_word' id='word_1_227' title='bbox 569 3681 597 3740; x_wconf 83' lang='lat' dir='ltr'><em>at</em></span> <span class='ocrx_word' id='word_1_228' title='bbox 624 3677 776 3742; x_wconf 81' lang='lat' dir='ltr'><em>cadmum</em></span> <span class='ocrx_word' id='word_1_229' title='bbox 809 3677 1028 3742; x_wconf 82' lang='lat' dir='ltr'><em>auctoritatam</em></span> <span class='ocrx_word' id='word_1_230' title='bbox 1054 3675 1211 3758; x_wconf 75' lang='lat' dir='ltr'><em>fidamque</em></span> <span class='ocrx_word' id='word_1_231' title='bbox 1237 3695 1301 3741; x_wconf 84' lang='lat' dir='ltr'><em>asso</em></span> <span class='ocrx_word' id='word_1_232' title='bbox 1322 3698 1403 3758; x_wconf 87' lang='lat' dir='ltr'><em>per·</em></span> 
     </span>
     <span class='ocr_line' id='line_1_32' title="bbox 256 3781 1404 3866; baseline 0.003 -20"><span class='ocrx_word' id='word_1_233' title='bbox 256 3784 352 3862; x_wconf 85' lang='lat' dir='ltr'><em>spoai.</em></span> <span class='ocrx_word' id='word_1_234' title='bbox 398 3781 544 3848; x_wconf 77' lang='lat' dir='ltr'><em>Potestas</em></span> <span class='ocrx_word' id='word_1_235' title='bbox 566 3783 666 3866; x_wconf 78' lang='lat' dir='ltr'><em>ipitnr</em></span> <span class='ocrx_word' id='word_1_236' title='bbox 688 3805 723 3848; x_wconf 86' lang='lat' dir='ltr'><em>ro</em></span> <span class='ocrx_word' id='word_1_237' title='bbox 745 3803 825 3848; x_wconf 78' lang='lat' dir='ltr'><em>uara</em></span> <span class='ocrx_word' id='word_1_238' title='bbox 847 3783 978 3866; x_wconf 80' lang='lat' dir='ltr'><em>aliquid</em></span> <span class='ocrx_word' id='word_1_239' title='bbox 999 3804 1037 3847; x_wconf 82' lang='lat' dir='ltr'><em>on</em></span> <span class='ocrx_word' id='word_1_240' title='bbox 1054 3783 1214 3866; x_wconf 79' lang='lat' dir='ltr'><em>sinputari</em></span> <span class='ocrx_word' id='word_1_241' title='bbox 1231 3785 1295 3846; x_wconf 79' lang='lat' dir='ltr'><em>Ista</em></span> <span class='ocrx_word' id='word_1_242' title='bbox 1314 3783 1404 3849; x_wconf 66' lang='lat' dir='ltr'><em>mdi—</em></span> 
     </span>
    </p>
   </div>
   <div class='ocr_carea' id='block_1_8' title="bbox 152 3871 1404 4048">
    <p class='ocr_par' dir='ltr' id='par_1_9' title="bbox 152 3871 1404 4048">
     <span class='ocr_line' id='line_1_33' title="bbox 152 3871 1404 4032; baseline 0.002 -80"><span class='ocrx_word' id='word_1_243' title='bbox 152 3871 156 3888; x_wconf 49' lang='lat'><em>*</em></span> <span class='ocrx_word' id='word_1_244' title='bbox 258 3909 314 3952; x_wconf 85' lang='lat' dir='ltr'><em>one</em></span> <span class='ocrx_word' id='word_1_245' title='bbox 351 3887 475 3975; x_wconf 79' lang='grc' dir='ltr'><strong><em>ἐρρέτω</em></strong></span> <span class='ocrx_word' id='word_1_246' title='bbox 511 3889 620 3971; x_wconf 72' lang='lat' dir='ltr'><em>effici?</em></span> <span class='ocrx_word' id='word_1_247' title='bbox 673 3889 774 3954; x_wconf 90' lang='lat' dir='ltr'><em>Immo</em></span> <span class='ocrx_word' id='word_1_248' title='bbox 810 3889 876 3954; x_wconf 82' lang='lat' dir='ltr'><em>solo</em></span> <span class='ocrx_word' id='word_1_249' title='bbox 913 3909 989 3954; x_wconf 82' lang='lat' dir='ltr'><em>casu</em></span> <span class='ocrx_word' id='word_1_250' title='bbox 1027 3895 1098 3954; x_wconf 88' lang='lat' dir='ltr'><em>orta</em></span> <span class='ocrx_word' id='word_1_251' title='bbox 1129 3893 1183 3954; x_wconf 77' lang='lat' dir='ltr'><em>ast.</em></span> <span class='ocrx_word' id='word_1_252' title='bbox 1238 3888 1404 4032; x_wconf 46' lang='lat' dir='ltr'><em>Sciziptgnm</em></span> 
     </span>
     <span class='ocr_line' id='line_1_34' title="bbox 1175 3995 1403 4048; baseline 0 0"><span class='ocrx_word' id='word_1_253' title='bbox 1175 3995 1267 4048; x_wconf 69' lang='lat' dir='ltr'><em>rom</em></span> <span class='ocrx_word' id='word_1_254' title='bbox 1305 3997 1341 4048; x_wconf 81' lang='lat' dir='ltr'><em>oo</em></span> <span class='ocrx_word' id='word_1_255' title='bbox 1354 3999 1403 4034; x_wconf 73' lang='grc' dir='ltr'><em>τω</em></span> 
     </span>
    </p>
   </div>
   <div class='ocr_carea' id='block_1_9' title="bbox 257 4045 1404 4135">
    <p class='ocr_par' dir='ltr' id='par_1_10' title="bbox 257 4045 1404 4135">
     <span class='ocr_line' id='line_1_35' title="bbox 257 4045 1404 4135; baseline 0.003 -22"><span class='ocrx_word' id='word_1_256' title='bbox 257 4051 339 4114; x_wconf 86' lang='lat' dir='ltr'><em>anim</em></span> <span class='ocrx_word' id='word_1_257' title='bbox 362 4055 445 4128; x_wconf 86' lang='lat' dir='ltr'><em>orat,</em></span> <span class='ocrx_word' id='word_1_258' title='bbox 476 4050 561 4133; x_wconf 80' lang='lat' dir='ltr'><em>quod</em></span> <span class='ocrx_word' id='word_1_259' title='bbox 587 4069 672 4116; x_wconf 84' lang='lat' dir='ltr'><em>nuno</em></span> <span class='ocrx_word' id='word_1_260' title='bbox 696 4051 773 4114; x_wconf 84' lang='lat' dir='ltr'><em>tiber</em></span> <span class='ocrx_word' id='word_1_261' title='bbox 796 4054 829 4114; x_wconf 83' lang='lat' dir='ltr'><em>F</em></span> <span class='ocrx_word' id='word_1_262' title='bbox 844 4050 984 4130; x_wconf 68' lang='lat' dir='ltr'><em>praebet</em></span> <span class='ocrx_word' id='word_1_263' title='bbox 1008 4051 1044 4114; x_wconf 86' lang='lat' dir='ltr'><em>in</em></span> <span class='ocrx_word' id='word_1_264' title='bbox 1067 4050 1234 4132; x_wconf 74' lang='lat' dir='ltr'><em>archetypo</em></span> <span class='ocrx_word' id='word_1_265' title='bbox 1259 4045 1404 4135; x_wconf 75' lang='grc' dir='ltr'><strong><em>ἑρπέτω,</em></strong></span> 
     </span>
    </p>
   </div>
   <div class='ocr_carea' id='block_1_10' title="bbox 330 4237 1347 4403">
    <p class='ocr_par' dir='ltr' id='par_1_11' title="bbox 330 4237 1347 4403">
     <span class='ocr_line' id='line_1_36' title="bbox 330 4237 1347 4314; baseline -0.002 -14"><span class='ocrx_word' id='word_1_266' title='bbox 330 4237 386 4313; x_wconf 59' lang='grc' dir='ltr'><em>1λῆ</em></span> <span class='ocrx_word' id='word_1_267' title='bbox 405 4247 452 4298; x_wconf 88' lang='grc' dir='ltr'><strong><em>καλ</em></strong></span> <span class='ocrx_word' id='word_1_268' title='bbox 472 4244 580 4310; x_wconf 73' lang='grc' dir='ltr'><strong><em>ΒΕθΜ,</em></strong></span> <span class='ocrx_word' id='word_1_269' title='bbox 601 4237 722 4299; x_wconf 78' lang='grc' dir='ltr'><strong><em>ἔκπαλαι</em></strong></span> <span class='ocrx_word' id='word_1_270' title='bbox 741 4251 802 4314; x_wconf 87' lang='lat' dir='ltr'><em>post</em></span> <span class='ocrx_word' id='word_1_271' title='bbox 821 4239 964 4314; x_wconf 88' lang='grc' dir='ltr'><strong><em>πρόπαλαι</em></strong></span> <span class='ocrx_word' id='word_1_272' title='bbox 984 4243 1108 4298; x_wconf 82' lang='lat' dir='ltr'><em>additum</em></span> <span class='ocrx_word' id='word_1_273' title='bbox 1129 4249 1172 4298; x_wconf 84' lang='lat' dir='ltr'><em>ost</em></span> <span class='ocrx_word' id='word_1_274' title='bbox 1189 4242 1217 4297; x_wconf 87' lang='lat' dir='ltr'><em>in</em></span> <span class='ocrx_word' id='word_1_275' title='bbox 1237 4243 1347 4298; x_wconf 79' lang='lat' dir='ltr'><strong>BEcM.</strong></span> 
     </span>
     <span class='ocr_line' id='line_1_37' title="bbox 331 4333 769 4403; baseline -0.011 -12"><span class='ocrx_word' id='word_1_276' title='bbox 331 4333 351 4398; x_wconf 66' lang='grc' dir='ltr'><strong><em>’λ</em></strong></span> <span class='ocrx_word' id='word_1_277' title='bbox 369 4333 486 4403; x_wconf 77' lang='lat' dir='ltr'><em>praerat.</em></span> <span class='ocrx_word' id='word_1_278' title='bbox 506 4333 541 4389; x_wconf 82' lang='lat' dir='ltr'><em>ad</em></span> <span class='ocrx_word' id='word_1_279' title='bbox 560 4333 611 4402; x_wconf 80' lang='lat' dir='ltr'><em>aq.</em></span> <span class='ocrx_word' id='word_1_280' title='bbox 631 4351 675 4403; x_wconf 80' lang='lat' dir='ltr'><em>pg.</em></span> <span class='ocrx_word' id='word_1_281' title='bbox 694 4334 769 4390; x_wconf 86' lang='lat' dir='ltr'><strong>VIII.</strong></span> 
     </span>
    </p>
   </div>
   <div class='ocr_carea' id='block_1_11' title="bbox 331 4425 458 4492">
    <p class='ocr_par' dir='ltr' id='par_1_12' title="bbox 331 4425 458 4492">
     <span class='ocr_line' id='line_1_38' title="bbox 331 4425 458 4492; baseline -0.016 -13"><span class='ocrx_word' id='word_1_282' title='bbox 331 4425 351 4479; x_wconf 81' lang='lat' dir='ltr'><em>³I</em></span> <span class='ocrx_word' id='word_1_283' title='bbox 371 4441 415 4492; x_wconf 84' lang='lat' dir='ltr'><em>pg.</em></span> <span class='ocrx_word' id='word_1_284' title='bbox 435 4426 458 4478; x_wconf 86' lang='lat'><em>9.</em></span> 
     </span>
    </p>
   </div>
   <div class='ocr_carea' id='block_1_12' title="bbox 0 0 1521 4896">
    <p class='ocr_par' dir='ltr' id='par_1_13' title="bbox 0 0 1521 4896">
     <span class='ocr_line' id='line_1_39' title="bbox 0 0 1521 4896; baseline 0 0"><span class='ocrx_word' id='word_1_285' title='bbox 0 0 1521 4896; x_wconf 95' lang='lat' dir='ltr'><em> </em></span> 
     </span>
    </p>
   </div>
  </div>
 </body>
</html>
