3034 4896
724 321 936 382 ,26-

262 526 378 593 genem
393 507 558 574 Laenium
574 507 616 589 X,
636 512 688 570 41.
708 507 727 570 2
748 506 959 590 intellegitur:
985 507 1043 571 καὶ
1057 503 1124 593 μήν
1138 507 1195 570 καὶ
1210 511 1257 590 τῷ
1270 503 1400 593 πλήθει
1505 532 1510 561 ι

263 618 328 676 τῶν
335 605 653 696 σωμάτωαᾶποιρότ
662 605 778 674 ἔστιτὸ
788 607 923 674 adorat
934 615 980 693 τῷ
992 611 1316 693 μεγέθοιτσῦκεσοῦ·
1331 607 1398 673 εἴτε

263 709 326 799 γὰρ
342 703 435 800 ἦντὸ
453 709 551 780 κενὸν
567 707 720 798 ἄπειρον,
740 707 783 776 τὰ
798 710 834 776 δέ
847 708 985 794 σώματα
996 703 1176 796 ὡρισμένα,
1193 704 1346 792 οὐδαμοῦ
1357 706 1400 776 ἂν

263 815 358 898 ἔμενε
371 812 413 881 τὰ
424 813 574 898 σώματα,
586 809 655 880 ἀλλ’
668 813 809 901 ἐφέρετο
821 810 907 878 κατὰ
919 810 955 878 τὸ
970 808 1114 900 ἄπειρον
1125 809 1223 879 κετὸν
1234 815 1400 898 διεσπαρ-

262 923 364 1002 μένα,
400 913 459 984 οὐκ
490 917 611 999 ἔχοντα
634 914 676 982 τὰ
698 911 921 1003 ὑποροέόσττα
944 917 1001 982 καὶ
1024 918 1206 982 στέλλοντα
1228 913 1315 981 κατὰ
1338 913 1400 992 τὰς
1509 966 1515 1015 ἱ

261 1016 450 1098 ἀνακοπάς.
487 1021 576 1086 Haeo
590 1021 689 1104 igitur
712 1014 906 1102 οὐδαμοῦ
929 1013 978 1085 ἂν
999 1018 1124 1102 ἔμενε
1148 1016 1194 1084 τὰ
1216 1017 1395 1101 σώματα,
1514 1051 1515 1056 1

262 1117 346 1188 ἀλλ’
379 1122 560 1210 ἐφέρετο
590 1120 698 1187 κατὰ
734 1117 778 1188 τὸ
812 1118 999 1208 ἄπειρον
1029 1118 1157 1188 κενὸν
1186 1121 1400 1206 διεσπαρ-

261 1230 467 1307 μέτασσαι
497 1243 651 1292 eonversa
686 1221 755 1292 fere
783 1226 918 1292 redeant
951 1226 985 1290 in
1015 1225 1162 1291 versibus
1195 1225 1399 1290 Lueretianis

266 1332 449 1394 1014—18:

404 1455 460 1496 nec
481 1451 569 1496 moro
590 1453 646 1496 nec
669 1432 762 1495 tellus
783 1453 882 1516 neque
904 1430 986 1494 coeti
1006 1429 1112 1495 ῐαοὰἰο
1135 1429 1251 1513 templo

404 1554 460 1599 τοο
481 1537 615 1600 mortale
635 1557 733 1620 yeme
755 1557 810 1598 aec
832 1535 939 1598 divom
961 1555 1093 1617 corpora
1115 1541 1224 1597 οοοοέο

404 1638 549 1721 στέφουσι
566 1645 696 1721 possent
717 1637 811 1701 horai
830 1637 939 1701 statere
963 1644 1102 1719 tempus.-

405 1761 480 1804 nom
501 1741 643 1824 dispulsa
663 1761 719 1804 eoo
741 1741 780 1804 de
803 1749 889 1802 οοοέα
910 1737 1061 1803 materiai

404 1843 496 1926 eopia
507 1845 660 1929 ferretur
681 1863 828 1927 moyerem
844 1865 907 1926 per
929 1843 1022 1908 imae
1043 1842 1155 1922 soluto,

261 1944 472 2028 sumptionem
500 1963 626 2028 quoque
660 1943 707 2026 (et
734 1941 777 2008 τὸ
809 1940 935 2010 κετὸν
963 1939 1145 2030 ἄπειρον
1174 1931 1237 2030 ἦν,
1271 1939 1321 2006 τὰ
1351 1945 1400 2010 δὲ

261 2045 434 2129 σώματα
471 2040 698 2134 ὡρισμένα)
736 2047 824 2132 apud
857 2047 1038 2113 Lucretium
1072 2047 1179 2113 redire
1212 2055 1397 2130 exspectes.

259 2149 385 2216 Deinde
406 2151 440 2215 in
462 2151 608 2216 versibus
634 2153 814 2215 roos—13
842 2149 883 2216 de
910 2149 1036 2214 infinita
1065 2148 1158 2234 eopia
1185 2148 1340 2214 materiae
1365 2159 1402 2215 et

259 2251 367 2317 inanis
382 2251 429 2316 ita
451 2269 555 2318 sermo
577 2252 623 2335 tit,
649 2260 684 2318 ut
706 2253 840 2318 alteram
864 2252 904 2318 ab
927 2253 1030 2318 altera
1051 2251 1233 2318 necessario
1252 2250 1400 2336 pendere

258 2354 420 2438 probetur.
456 2355 535 2421 Inde
550 2373 571 2419 a
588 2359 670 2418 1014
686 2371 762 2420 vero
778 2373 879 2439 usque
895 2353 938 2420 ad
956 2357 1031 2418 105¹
1055 2354 1284 2420 demonstravit
1298 2361 1401 2437 poeta

258 2457 338 2523 nihil
372 2463 514 2523 ereetum
547 2475 645 2542 posse
674 2465 834 2537 donatore,
869 2457 931 2523 nisi
962 2457 1117 2523 materiae
1146 2456 1240 2541 eopia
1267 2455 1400 2522 infinita

257 2567 355 2625 esset.
395 2560 625 2626 Desideramus
646 2561 746 2644 igitur
767 2557 937 2643 quaedam,
965 2560 1081 2642 quibus
1105 2557 1270 2645 protessus
1292 2559 1334 2624 sit
1357 2579 1399 2624 se

257 2662 413 2728 infinitum
436 2681 509 2729 esse
530 2664 698 2729 materiam
720 2663 1009 2729 demonstramrum
1031 2663 1124 2727 nulla
1145 2662 1267 2728 ratione
1282 2661 1400 2727 habita

258 2766 328 2830 eius
351 2765 617 2845 nenessitudinis,
648 2785 731 2848 quae
760 2765 842 2831 inter
870 2781 984 2849 eorpus
1014 2771 1047 2830 et
1075 2765 1172 2840 inune
1200 2764 1396 2830 intercedat.

258 2865 351 2943 Quod
372 2867 405 2930 in
436 2869 552 2932 launna
580 2869 656 2934 olim
685 2867 821 2934 infuisse
849 2885 982 2933 neeesse
1011 2875 1072 2932 est.
1119 2867 1218 2950 Atqui
1247 2885 1319 2932 eum
1348 2869 1395 2949 ei,

258 2968 299 3034 de
321 2969 437 3053 quibus
459 2969 597 3053 agimus,
622 2989 734 3036 versus
1065 3015 1071 3024 ·

465 3074 603 3137 oeror'dus
625 3075 786 3137 ostendam
808 3074 993 3156 corpusculo
1013 3073 1162 3137 materiai
1276 3061 1282 3068 ’

464 3197 502 3239 ee
523 3175 644 3259 r‘rfinito
666 3197 818 3239 sommam
839 3198 944 3240 rerum
967 3198 1063 3259 usque
1087 3184 1188 3240 terme

463 3279 599 3363 undique
614 3279 741 3361 protelo
758 3279 932 3361 planarum
954 3278 1134 3343 οοοέὶσαοέο

258 3379 354 3445 talem
369 3379 595 3446 indicationem
612 3381 799 3448 contineant
819 3417 855 3428 -
878 3401 951 3446 nam
973 3379 1057 3464 quod
1073 3400 1138 3446 non
1154 3399 1306 3465 expresse
1322 3379 1398 3446 dio-

256 3490 323 3548 tum
347 3491 413 3566 est,
446 3491 575 3568 poetam
604 3484 646 3551 ad
676 3503 765 3564 eam,
799 3503 880 3567 quae
907 3481 1085 3550 intercedat
1114 3483 1197 3550 inter
1219 3503 1335 3567 eorpus
1360 3493 1396 3550 et

256 3587 369 3663 inane,
394 3587 549 3653 rationem
571 3607 635 3653 non
658 3606 730 3653 esse
751 3595 985 3671 respecturum,
1011 3587 1046 3652 id
1073 3587 1154 3652 nihil
1184 3587 1285 3665 valet,
1311 3607 1398 3669 quo-

257 3689 360 3769 niam,
394 3709 464 3756 oum
495 3698 571 3758 ante
596 3689 755 3755 infinitam
778 3709 851 3756 esse
873 3690 1025 3755 materiae
1047 3690 1172 3774 sopiam
1194 3690 1393 3773 probaverit,

256 3791 333 3873 quia
356 3791 451 3858 inane
474 3794 608 3860 alteram
628 3792 769 3858 universi
784 3800 907 3876 partem
922 3799 1044 3872 teneat,
1070 3793 1098 3858 si
1112 3791 1219 3858 denuo
1234 3789 1399 3856 infinitam

256 3911 329 3962 esse
351 3895 504 3963 materiae
519 3895 643 3980 copiam
660 3895 936 3963 demonstraturus
953 3901 1011 3975 est,
1037 3893 1071 3959 id
1087 3895 1133 3959 ita
1147 3902 1269 3959 tantum
1286 3893 1399 3960 faeere

257 4007 380 4086 potest,
421 4007 456 4066 ut
492 3997 580 4064 illius
616 3998 797 4082 argumenti
835 3999 956 4062 nullam
994 3997 1150 4063 rationem
1187 3995 1306 4062 habeat
1337 4033 1394 4074 -,

255 4103 373 4172 deiude
396 4123 468 4170 oum
490 4102 524 4168 hi
547 4122 676 4184 versus,
703 4102 757 4184 qui
780 4100 822 4166 ad
844 4101 892 4181 11,
920 4103 982 4165 528
1006 4100 1189 4184 explicandi
1211 4118 1310 4164 eausa
1331 4096 1399 4162 ad-

255 4207 368 4292 scripti
391 4213 477 4284 sunt,
501 4206 590 4270 nullo
612 4204 677 4269 alio
699 4205 769 4270 loeo
791 4205 824 4268 in
848 4204 1011 4270 eodieibus
1036 4204 1156 4270 servati
1178 4203 1259 4282 sint,
1285 4221 1398 4268 nonne
