2982 4884
268 321 330 382 240
702 355 745 364 -
792 319 875 400 μιν
924 353 966 364 --

267 525 426 572 consonas
449 505 574 571 duobus
597 505 738 573 tribusve
766 507 846 572 loeis
875 506 1094 585 inveniuntur,
1127 525 1209 589 quae
1238 505 1397 572 uoneiuui-

266 617 365 677 tatem
388 630 459 676 eum
481 609 596 676 vicinis
619 630 682 674 uon
705 610 884 677 observent.

353 753 386 816 p.
407 734 533 797 10931ss
559 736 635 796 Τῶν
657 730 693 795 δὲ
717 727 888 816 περιόδων
903 729 938 794 αί
954 735 1017 812 μέν
1032 728 1118 795 είσιν
1133 723 1340 817 εὐκόρυφοι.
1363 781 1369 793 .
1390 781 1395 790 .
1484 723 1485 780 Ῑ

268 834 304 900 αἱ
326 834 362 899 δὲ
384 829 529 901 ἁπτιαι.
552 885 558 898 .
580 883 587 896 .
612 831 710 922 μήκει
732 858 767 899 τε
791 833 827 898 αί
850 833 913 918 μὲν
926 831 1088 910 θάττους,
1114 828 1196 899 ὥστε
1214 855 1398 920 συμμετρη-
1484 871 1485 874 =

266 943 373 1026 θήναι
395 935 483 1022 πρὸς
506 931 628 1023 ἀνδρὸς
651 945 796 1019 πνεῦμα,
824 937 859 1002 αί
883 937 919 1002 δέ
942 938 1058 1022 πολλῷ
1080 937 1225 1021 μείζους,
1254 935 1324 1002 οίαι
1346 940 1397 1002 καὶ

265 1046 364 1127 μέχρι
394 1048 452 1128 τῆς
481 1038 640 1128 τετάρτης
670 1034 896 1118 ἀναπαύσεως
923 1042 1159 1124 προελθοῦσαι
1189 1038 1263 1106 τότε
1291 1040 1399 1128 λήγειν·

266 1143 314 1220 εἰς
337 1149 456 1230 πέρας.
503 1145 611 1211 Verba
640 1142 676 1208 αί
698 1143 762 1226 μὲν
783 1142 933 1220 θάττους
962 1144 1028 1210 illis
1059 1142 1094 1208 αἱ
1117 1143 1152 1208 δὲ
1183 1144 1300 1228 πολλῷ
1328 1149 1398 1224 μετ’·
1484 1155 1485 1164 ’

267 1247 345 1327 ζους
378 1247 526 1333 opposita
555 1266 627 1313 esre
661 1247 733 1333 ipra
766 1255 926 1314 structura
958 1247 1090 1314 iudicet.
1144 1247 1210 1314 Sed
1242 1247 1398 1313 adieetiru
1484 1235 1485 1254 ¹

266 1371 332 1416 nou
352 1349 496 1417 eiusdem
518 1351 663 1435 generis,
697 1348 773 1434 erge
803 1371 844 1416 ue
873 1351 1033 1417 contraria
1061 1350 1190 1434 quidem
1220 1359 1304 1416 sunt.
1351 1351 1398 1416 tu

266 1463 358 1521 vetus
391 1453 503 1520 vitium
541 1456 656 1519 tollas:
707 1455 931 1520 ΘΛΤΤΟΥΟ
965 1475 1007 1520 ex
1042 1456 1300 1520 GAATTOYC
1331 1475 1398 1521 eur·
1483 1439 1485 1466 ¹

267 1565 395 1642 ruptum
418 1565 481 1624 est:
516 1554 615 1644 μήκει
636 1580 672 1622 τε
696 1555 731 1622 αί
759 1558 822 1640 μέν
848 1554 1054 1634 ἐλάττους
1079 1607 1085 1620 .
1107 1607 1142 1621 ..
1169 1556 1205 1622 αἱ
1228 1557 1262 1622 δὲ
1286 1557 1398 1639 πολλῷ

265 1659 413 1743 μείζους.

354 1803 387 1866 p.
409 1783 549 1846 109511ss
575 1774 662 1864 Ὁριῖι
683 1777 746 1866 γὰρ
769 1774 883 1861 αὐτὸν,
917 1780 949 1846 εί
977 1804 1059 1847 ποτε
1090 1778 1191 1863 λάβοι
1219 1778 1398 1866 πράγματα

267 1889 486 1971 χαριεστέρας
508 1880 653 1967 δεόμενα
676 1891 897 1972 κατασκευῆς,
924 1881 1157 1971 πανηγυρικήν
1179 1878 1294 1960 αὐτοῖς
1311 1877 1399 1948 ἁπο-

267 1985 404 2054 διδόντα
427 1993 485 2075 τῆς
508 1988 628 2067 λέξεως
651 1981 826 2073 ἁρμονίαν,
854 1982 898 2065 ὡς
913 1985 950 2053 ἐν
965 1994 1011 2074 τῷ
1027 1985 1112 2052 κατὰ
1126 1983 1398 2072 Ἀριστοκράτους

269 2096 435 2178 πεποίηκε
458 2087 563 2176 λόγῳ,
590 2093 744 2174 πολλαχῇ
774 2091 837 2174 μὲν
865 2092 923 2157 καὶ
946 2086 1046 2177 άλλη,
1073 2088 1219 2174 μάλιστα
1242 2085 1275 2156 δ’
1294 2089 1330 2156 έν
1353 2088 1398 2167 οίς

268 2191 329 2261 τὸν
358 2195 437 2280 περὶ
471 2201 537 2259 τιῦν
564 2192 680 2277 νόμων
709 2188 900 2260 ἀποδίδωσι
927 2193 1118 2280 λόγον...
1151 2188 1214 2260 κάν
1244 2202 1290 2279 τῷ
1318 2192 1399 2259 κατὰ

267 2302 447 2363 Λεπτίνου
469 2298 549 2382 περὶ
571 2305 628 2384 τῆς
652 2290 805 2375 ἀτελείας
827 2295 913 2363 κατὰ
935 2295 1048 2366 πολλὰ
1070 2303 1171 2386 μέρη,
1198 2296 1344 2381 μάλιστα
1367 2292 1396 2363 δ’

268 2398 304 2466 έν
326 2413 397 2478 τοῖς
420 2398 597 2485 ἐγκωμίοις
620 2407 686 2466 τῶν
708 2395 890 2487 εὐεργετοῦν
910 2408 970 2489 τῆς
992 2397 1137 2478 πόλεως.
1179 2401 1229 2466 Ex
1251 2401 1397 2484 analogia

269 2505 439 2571 verborum
463 2505 616 2588 πολλαχῇ
639 2503 702 2585 μέν
717 2505 774 2569 καὶ
790 2499 884 2590 άλλη,
910 2501 1057 2587 μάλιστα
1080 2498 1110 2570 δ’
1128 2505 1198 2569 κτλ.
1224 2504 1296 2588 lego
1318 2502 1399 2569 κατὰ

267 2605 379 2672 πολλὰ
402 2605 494 2693 (μὲν
523 2608 594 2672 καί
623 2601 743 2695 etta>
770 2612 872 2694 μέρη,
904 2605 1052 2690 μάλιστα
1081 2602 1112 2673 δ’
1131 2604 1167 2673 ίν
1197 2619 1267 2683 τοῖς
1298 2605 1396 2692 έγκω-

265 2715 356 2794 μίοις
378 2711 448 2775 κτλ.

352 2851 386 2915 p.
412 2834 536 2897 10961³s
561 2827 631 2907 Τὰς
654 2828 822 2918 διηγήσεις
844 2843 938 2896 ποιεῖ
961 2827 998 2895 τὸ
1021 2832 1142 2897 πλεῖον
1171 2829 1313 2913 ἐχούσας
1342 2837 1398 2894 τοῦ

268 2940 393 3017 σεμνοῦ
414 2931 452 3000 τὸ
475 2927 549 3020 ήδῦ.
595 2934 772 2999 Articulum
794 2930 833 2999 τὸ
863 2941 939 3001 aute
965 2935 1086 3000 πλεῖον
1113 2954 1280 3020 perperam
1309 2933 1394 2998 illum

267 3036 395 3120 quidem
427 3037 653 3122 interpolatum
687 3037 801 3109 tollas:
839 3035 880 3103 es.
912 3060 945 3123 p.
975 3039 1066 3103 89616
1093 3031 1111 3124 ἡ
1143 3039 1250 3104 πλέον
1277 3035 1394 3118 έχουσυ

266 3148 327 3208 τοῦ
349 3147 502 3221 τεχνικοῦ
524 3137 561 3205 τὸ
585 3137 743 3226 φυσικόν.

354 3299 385 3364 p.
415 3283 538 3343 11001ss
573 3275 742 3361 Δεύτερον
771 3274 811 3365 δή
840 3275 1028 3364 κεφάλαιον
1060 3265 1101 3365 ἦν
1134 3276 1300 3358 ἐπιδεῖξαι
1332 3283 1393 3342 τίσι

266 3378 466 3468 θεωρήμασι
488 3377 658 3465 χριόμενος
679 3381 737 3445 καὶ
756 3377 812 3445 διὰ
827 3385 931 3457 ποίας
947 3374 1118 3468 ἀσκήσεως
1140 3381 1321 3463 προελθὼν
1341 3394 1391 3444 ·ἐε.

266 3487 501 3573 Δημοσθένης)
525 3481 563 3549 τὸ
580 3481 759 3569 κράτιστον
781 3489 883 3568 μέρος
903 3482 1002 3566 ἔλαβε
1026 3492 1083 3570 τῆς
1106 3484 1166 3550 lac.
1189 3488 1316 3548 10-12
1333 3485 1389 3548 litt.
1480 3473 1481 3480 ἁ

267 3583 441 3675 ἁρμονίας.
489 3588 577 3671 Lego
608 3584 646 3652 τὸ
678 3584 857 3673 κράτιστον
884 3592 988 3672 μέρος
1021 3586 1120 3670 ἔλαβε
1154 3595 1212 3675 τής
1234 3587 1394 3676 (μικτής

266 3693 335 3758 καὶ
364 3691 506 3779 μέσης)
531 3684 712 3776 ἁρμονίας,
744 3683 788 3757 ὀί.
813 3713 846 3776 p.
869 3695 965 3756 10679
996 3690 1028 3755 οί
1057 3690 1093 3757 δέ
1125 3696 1306 3768 συνθέντες
1334 3684 1391 3776 ἂνγ’

266 3795 425 3881 ἑκατέρας
448 3791 489 3858 τὰ
511 3791 748 3881 χρησιμώτατα
778 3791 838 3882 τήν
859 3792 979 3881 μικτήν
1009 3795 1065 3858 καὶ
1092 3800 1198 3880 μέσην
1228 3793 1396 3880 ἐζήλωσαν

267 3893 408 3986 ἀγωγήν.
452 3901 562 3964 108715
593 3894 653 3984 τήν
682 3901 789 3984 μέσην
810 3921 845 3963 τε
868 3898 925 3962 καί
947 3893 1068 3982 μικτήν
1090 3892 1256 3982 ἁρμονίαν
1279 3895 1396 3980 ἐπετή-

266 4002 383 4068 δευσεν
405 3995 422 4066 ό
446 4005 684 4088 Δημοσθένης.

351 4142 383 4204 p.
405 4124 529 4184 11027ss
554 4125 640 4205 (δέρε
664 4118 737 4205 γὰρ,
765 4120 796 4185 εἲ
817 4143 867 4196 τις
891 4113 992 4204 ᾠδαῖς
1010 4115 1027 4207 ή
1043 4119 1230 4204 κρούμασιν
1245 4113 1399 4204 ὀργάνων

267 4219 303 4283 τὸ
327 4220 506 4286 κάλλιστον
529 4221 678 4298 ἐντείνας
699 4224 801 4304 μέλος
824 4223 960 4306 ῥυθμοῦ
981 4223 1108 4309 μηδένα
1130 4230 1266 4310 ποιῇ-ται
1285 4221 1398 4306 λόγον.
