3010 4896
499 353 540 366 -
589 316 684 402 [141]
731 352 775 365 -
1165 311 1209 379 45

83 535 174 578 eornm
197 515 386 580 sententiam
408 513 532 598 probas,
555 513 610 596 qui
632 513 748 579 librum
771 511 862 578 nobis
884 511 1039 578 traditum
1062 532 1082 575 a
1103 509 1206 575 Xeno·

82 623 190 705 phonte.
216 622 286 706 ipso
318 621 467 704 scripturn
495 641 559 685 non
591 643 671 700 esse,
703 619 759 686 sed
791 620 888 685 alium
919 618 1077 702 quendam
1104 618 1208 682 Xeno-

82 729 195 812 phontis
234 727 350 792 librnm
391 730 582 812 excerpsisse
618 728 830 811 nonnullaque
869 749 907 792 er
947 726 1012 791 suis
1049 725 1211 792 addidisse

82 836 229 921 palamst)
251 856 314 900 non
333 833 495 902 dubitabis
518 835 577 914 ipsi
597 835 772 918 excerptori
790 832 887 898 verba
909 833 966 897 illa
986 833 1137 910 tribuere,
1155 834 1209 916 qni

81 963 112 1007 ea
125 941 189 1006 loeo
208 941 336 1006 minime
354 947 429 1026 apto
448 941 624 1006 inseruerit
652 941 905 1006 Fundamentum
924 941 1032 1025 igitur,
1045 962 1107 1025 quo
1122 941 1208 1006 nisus

82 1050 198 1114 Peterus
220 1070 309 1114 suam
332 1048 521 1114 sententiam
544 1048 749 1133 comprobare
771 1049 883 1126 voluit,
909 1048 1069 1114 sublatum
1093 1055 1148 1113 est

154 1156 267 1222 Restat
284 1155 365 1220 alins
382 1153 478 1233 locus,
497 1175 535 1220 ex
554 1177 617 1238 quo
635 1155 768 1221 Peterus
787 1162 820 1222 et
838 1155 1002 1222 Scheibius
1021 1156 1212 1222 concludunt

81 1287 139 1329 cum
168 1264 302 1348 triginta
327 1262 387 1326 viri
415 1261 689 1330 administratione
715 1264 762 1328 rei
793 1262 938 1348 publicae
962 1270 1152 1329 exuerentur
1179 1269 1211 1330 et

82 1373 175 1436 decem
196 1372 257 1435 viri
280 1370 325 1435 eis
344 1371 609 1436 substituerentur
628 1371 690 1435 iam
709 1376 864 1436 aestatem
881 1370 987 1437 fuisse.
1025 1370 1106 1435 Nom
1125 1371 1210 1454 qued

81 1477 242 1562 Xenophon
265 1476 363 1542 habet
386 1477 427 1555 ΙΙ,
448 1477 479 1555 4,
502 1479 545 1542 25
572 1469 745 1564 προνομὰς
768 1477 804 1543 di
830 1473 1029 1562 ποιούμενοι
1052 1480 1109 1543 καὶ
1131 1483 1210 1564 λαμ-

81 1581 228 1664 βάνοντες
255 1579 336 1665 ξύλα
364 1586 421 1650 καὶ
448 1577 598 1670 ὀπώραν,
631 1579 821 1651 ἐκάθευδον
848 1580 951 1650 πάλιν
984 1582 1021 1648 ἐν
1049 1585 1210 1670 Πειραιεῑε

83 1693 273 1780 utrumquef)
296 1692 398 1756 hieme
421 1689 490 1758 fieri
508 1713 572 1757 non
589 1693 729 1776 potuisse
748 1692 878 1759 Pelorus
897 1698 990 1777 putet
1007 1693 1051 1776 (p.
1071 1691 1123 1756 47.
1141 1693 1210 1778 48),

82 1799 233 1866 Scheibius
262 1799 305 1885 (p.
333 1799 410 1886 161)
438 1799 501 1864 iem
526 1805 595 1864 tum
622 1801 755 1877 „melius
782 1800 857 1864 enni
885 1799 1078 1885 tempus‘ffil
1095 1821 1210 1884 appro-

83 1909 236 1992 pinquasse
263 1914 382 1982 censen
410 1929 491 1992 quae
518 1907 675 1974 conclusio
698 1907 724 1972 si
752 1928 827 1972 vera
849 1912 945 1983 esset,
973 1907 1106 1990 triginta
1127 1909 1211 1974 viros

82 2037 142 2078 cnm
163 2019 284 2080 aestate
308 2015 404 2079 etiam
426 2021 585 2097 regerent,
612 2022 763 2080 autumno
786 2013 836 2078 vel
863 2013 966 2079 hieme
993 2015 1068 2079 anni
1095 2014 1210 2098 prioris

82 2123 230 2188 institutos
254 2143 322 2187 esse
345 2122 531 2187 sumendum
554 2127 645 2188 esset.
682 2122 772 2200 Quod
787 2141 905 2214 Rvereor
923 2126 959 2186 ut
982 2126 1067 2187 recte
1089 2123 1210 2187 exiliis

83 2229 172 2296 serbis
199 2229 385 2295 effecerint.=
419 2229 593 2315 Προνομαί
619 2229 703 2294 enim
730 2251 786 2294 cur
816 2228 920 2294 hieme
947 2227 1017 2294 fieri
1044 2237 1211 2313 nequeant,

82 2359 135 2402 non
151 2338 255 2404 video:
277 2357 378 2420 neque
402 2337 485 2402 enim
503 2336 607 2401 minus
628 2334 731 2401 bieme
750 2357 844 2420 quam
862 2342 984 2402 aestate
1006 2336 1122 2404 milites
1144 2335 1211 2402 fru-

82 2451 246 2510 mentatum
271 2449 304 2509 et
325 2442 510 2527 pabulatum
533 2441 618 2506 exire
640 2442 755 2508 solent:
784 2443 868 2527 quod
891 2445 919 2509 si
941 2445 1012 2526 quis
1034 2445 1212 2522 addubitet,

82 2552 155 2635 leget
176 2553 254 2617 Xen.
274 2551 313 2617 H.
330 2549 367 2616 G.
386 2551 409 2628 1,
430 2553 458 2628 1,
477 2549 519 2614 33
541 2550 620 2633 περὶ
643 2547 679 2614 δὲ
701 2545 843 2628 τούτους
866 2541 945 2628 τούς
965 2545 1109 2635 χρόνους
1132 2538 1212 2635 Ἆγις

84 2656 113 2722 ἐκ
133 2667 187 2746 τῆς
209 2659 382 2735 Δεκελείας
408 2650 584 2742 προνομὴν
607 2651 810 2740 ποιούμενος
831 2649 917 2744 πρὸς
945 2649 1030 2722 αὐτὰ
1057 2649 1099 2724 τὰ
1121 2660 1212 2746 τείχη

84 2753 155 2851 ἦλθε
177 2773 248 2831 τῶν
270 2759 466 2851 Ἀθηναίων.
504 2763 715 2840 Haecuutem
738 2771 872 2832 exeunte
890 2787 972 2830 anno
992 2765 1025 2829 id
1044 2772 1092 2831 est
1110 2765 1212 2831 hieme
1237 2767 1238 2770 ’

84 2872 157 2938 lacta
169 2895 235 2939 esse
254 2873 396 2937 indicant
409 2869 506 2936 verba
519 2891 600 2953 quae
618 2869 724 2954 paullo
743 2870 827 2936 infra
840 2878 988 2937 secuntur
1006 2878 1056 2958 τῷ
1071 2870 1107 2938 δὲ
1121 2865 1212 2956 ἄλλῳ

85 2975 148 3046 ἔτει.
192 2980 346 3047 Similiter
374 2979 405 3042 in
433 2976 564 3042 anabasi
591 2969 766 3062 Xenophon
794 2979 873 3044 baec
900 2977 996 3043 verba
1023 2978 1100 3045 facit
1128 2971 1212 3045 ἄλλά

83 3109 130 3170 μοι
157 3089 248 3154 δοκεῖ
274 3079 336 3152 οὖν
362 3094 548 3170 προνομαῖς
574 3080 754 3169 λαμβάνειν
781 3077 823 3151 τὰ
852 3080 1020 3172 ἐπιτήδεια
1044 3087 1095 3168 (V,
1118 3089 1144 3164 1,
1164 3088 1212 3174 7):

83 3195 160 3259 illam
184 3201 291 3260 autem
314 3194 489 3258 orationem
516 3192 658 3258 habitam
682 3213 749 3259 esse
771 3193 889 3260 Martie
916 3191 983 3258 fere
1011 3214 1117 3260 mense
1139 3215 1213 3260 con-

85 3309 148 3368 stet.
193 3301 337 3386 Denique
364 3300 441 3365 Xen.
467 3298 503 3365 H.
528 3297 564 3363 G.
588 3298 642 3376 IV,
667 3300 699 3376 1,
724 3299 764 3365 16
800 3299 933 3383 legimus
970 3297 1120 3364 ἐνταῦθα
1151 3300 1213 3384 μὲν

87 3401 119 3492 ὀὴ
141 3409 315 3494 διεχείμαζε
343 3407 400 3472 καὶ
423 3399 572 3472 αὐτόθεν
595 3407 652 3471 καὶ
680 3397 742 3472 οὐν
764 3417 950 3493 προνομαῖς
977 3395 1018 3469 τὰ
1043 3400 1213 3492 ἐπιτήδεια

87 3522 119 3596 τι]
141 3523 272 3604 στρατιᾷ
301 3510 490 3599 λαμβάνων.
537 3514 595 3580 His
621 3515 698 3580 locis
725 3513 898 3598 perspectis
920 3508 1093 3598 προνομάς
1116 3514 1212 3579 etiam

86 3619 177 3688 hieme
198 3621 265 3688 fieri
289 3625 430 3706 potuisse
454 3621 654 3687 manifestum
678 3626 733 3686 est

184 3771 192 3776 ..
200 3769 282 3777 -...---

167 3859 184 3918 ¹)
201 3857 234 3911 cl.
257 3858 290 3912 B.
311 3856 427 3910 Grosscr
448 3853 515 3910 uber
533 3851 578 3908 die
599 3849 825 3924 uuccbtheitgder
843 3849 1102 3921 xenophontem
1119 3853 1211 3911 Helle-

90 3941 147 3996 nica
163 3945 191 3999 ι’·ιι
208 3945 286 4000 Nesse
304 3943 479 3998 Johrouclrer
495 3943 515 4009 f.
535 3943 607 3996 Plul.
627 3959 655 3997 ιι.
675 3941 760 3996 Paed.
781 3943 822 3997 93.
842 3959 869 4012 p.
889 3943 940 3998 721
959 3959 999 4011 sq.

166 4035 353 4102 ‘tUtrnmquc
377 4032 400 4087 si
422 4038 499 4087 recte
523 4031 708 4102 intellegenti
730 4025 876 4102 προνομάς
899 4035 928 4084 et
950 4024 1068 4102 ὀπώραν
1091 4038 1211 4104 spectet3

89 4133 144 4175 mm
160 4123 220 4193 quio
238 4124 330 4179 hieme
353 4121 429 4192 ligna
451 4122 511 4192 peti
533 4121 639 4193 possint
658 4127 686 4176 et
709 4119 738 4175 in
756 4120 853 4175 Piraeo
873 4117 985 4175 dormiri
1008 4119 1108 4189 possit,
1131 4137 1212 4177 nemo

89 4207 247 4268 dubitaverit.

167 4301 185 4353 't
203 4301 266 4356 daos
289 4315 341 4356 zur
358 4297 419 4354 Zeit
442 4297 491 4354 der
508 4297 674 4370 Aouoaap
697 4296 746 4353 der
763 4297 1042 4370 Dreissipbmseliull
1064 4301 1149 4355 seben
1167 4297 1212 4354 die

90 4387 177 4444 besam
193 4390 345 4446 Jatresaeeil
362 4391 529 4460 ancoram
546 4390 605 4444 seio
623 4394 730 4444 maeste.
