3034 4896
589 339 803 398 -31-

121 523 228 588 Poeta
242 522 341 606 igitur
355 523 383 592 si
399 542 512 590 versus
528 525 602 588 635.
622 525 641 588 6
657 523 850 607 scripsisset,
866 541 1023 588 summam
1037 518 1265 604 disputationis

119 625 194 691 vim
215 625 250 692 in
273 626 335 704 eis,
366 645 448 708 qnae
478 625 542 692 iarn
565 625 770 709 expositurus
790 631 892 704 esset,
925 622 1047 690 0000001
1069 622 1259 697 0000010001,

121 735 325 808 00001001,
357 748 441 811 quae
469 727 510 796 de
540 728 729 800 aeternitate
758 747 798 798 ao
831 727 992 799 soliditate
1019 725 1264 811 primordiorum

279 988 343 1056 fetu
356 985 434 1056 parit
452 985 553 1038 nitidus
564 987 664 1055 suspen
682 985 842 1054 arbustaque
860 983 930 1038 10010

216 1073 268 1124 005
285 1075 310 1124 at
326 1088 409 1140 pensa
426 1072 581 1134 rumosam,
600 1072 675 1140 parit
692 1071 782 1124 omnio
800 1070 888 1124 000010
899 1073 1037 1140 serarum,

282 1157 386 1228 pabulo
405 1175 462 1210 enm
477 1157 597 1227 0000001,
618 1157 711 1226 puina
729 1175 818 1212 omnes
836 1173 951 1225 0000000
965 1161 1082 1225 pererrat

287 1248 313 1296 01
330 1243 433 1296 dulcem
450 1244 550 1296 ducunt
568 1243 651 1296 001000
665 1244 821 1314 prolemque
835 1247 1007 1314 0000090001,-

286 1335 496 1404 quapropter
513 1328 634 1382 rners'to
652 1334 840 1382 0001000000
858 1347 972 1382 000000
990 1328 1117 1397 adepta
1135 1331 1192 1382 001.

286 1415 353 1468 cedit
370 1415 431 1467 item
450 1420 529 1478 retro,
550 1415 672 1467 01010000
690 1415 760 1486 quod
771 1415 834 1486 suit
851 1419 920 1478 unte,

201 1502 268 1552 1000
286 1500 314 1552 r'rr
332 1505 418 1553 100000
437 1520 458 1554 e.
479 1519 504 1570 q.
524 1518 546 1553 0.

127 1584 238 1640 Aether
259 1601 321 1640 oum
343 1591 423 1654 pater
447 1603 464 1640 a
486 1591 571 1654 poeta
595 1587 759 1654 appelletur,
785 1601 952 1656 quamquam
975 1599 1031 1654 qna
1055 1601 1084 1640 re
1108 1591 1265 1652 petrense

125 1677 269 1739 praestet,
289 1687 344 1726 nou
363 1677 405 1725 001
422 1670 564 1734 additum,
584 1671 703 1726 ridiouls
721 1676 765 1728 ost
783 1671 831 1728 illa
848 1669 1039 1740 parenthesis,
1060 1685 1115 1740 qua
1136 1685 1188 1725 000
1205 1670 1266 1726 iure

127 1757 228 1813 matris
243 1772 342 1812 nornen
361 1763 462 1812 terreto
479 1757 610 1825 adeptam
628 1771 691 1812 esee
711 1757 779 1820 (998,
800 1757 940 1821 docemur,
961 1757 1116 1826 minoreque
1134 1757 1267 1813 discindit

127 1841 293 1910 magnificos
310 1843 374 1897 illos
392 1857 498 1900 versus.
529 1843 680 1898 Praeterea
698 1841 837 1908 attendas,
858 1857 970 1912 quaeso,
991 1857 1052 1896 anm
1072 1841 1219 1898 Lueretius
1237 1843 1265 1895 in

127 1927 222 1997 quinti
250 1928 313 1982 libri
341 1928 468 1997 versibus
496 1929 608 1980 021-11
637 1928 753 1982 eandem
780 1927 944 1981 sententiam
971 1926 1108 2000 proferet,
1138 1927 1177 1983 ibi
1204 1945 1265 1984 earu

127 2015 222 2082 magis
241 2014 375 2082 insignem
394 2015 535 2068 notionem
553 2013 671 2069 habere:
1044 2025 1050 2036 ·

321 2115 402 2169 qrsare
419 2100 500 2152 etiam
519 2105 598 2169 utque
615 2099 696 2153 orsam
713 2103 861 2152 00010000οη
878 2116 970 2152 nomen
988 2101 1085 2170 adepta

321 2191 394 2240 erra
413 2191 481 2240 10001
497 2187 600 2248 merito,
621 2187 743 2256 quonium
761 2203 844 2254 90000
861 2185 922 2256 ipso
939 2187 1037 2240 ereoor't

320 2271 466 2324 1000000000
483 2277 561 2342 alque
579 2272 682 2326 000001
693 2289 781 2342 prope
799 2277 868 2326 serto
886 2277 1002 2342 ternpore
1012 2273 1099 2342 sudr'l.

127 2356 289 2426 Descripsit
306 2357 379 2411 enirn
398 2357 523 2412 versibus
537 2357 682 2420 rer-ero,
704 2373 739 2411 ex
752 2356 813 2428 ipsa
825 2362 899 2412 torre
912 2356 999 2423 prima
1012 2357 1151 2414 homiuum
1163 2373 1267 2426 genera

127 2448 194 2496 orta
213 2457 284 2496 esse.
322 2441 398 2495 Dicit
416 2442 502 2510 igitur
520 2443 646 2497 versibus
665 2445 712 2494 821
734 2457 806 2512 sqq,
832 2443 906 2512 quod
931 2442 1074 2498 translatis
1099 2441 1157 2498 lero
1175 2444 1267 2500 verbis

127 2523 433 2588 0101001001,1οπ00
452 2535 568 2582 matrem
592 2543 654 2582 esse
678 2526 791 2581 humani
814 2528 960 2595 generisi.
981 2543 1004 2582 e.
1026 2530 1175 2594 nutricem,
1202 2531 1267 2598 quio

127 2614 267 2668 alimento
285 2612 427 2680 praebent,
448 2613 477 2666 id
494 2614 530 2670 sd
550 2613 663 2668 verbum
682 2620 758 2668 reete
777 2613 841 2674 dini,
862 2613 1002 2682 »quoniam
1015 2629 1103 2682 genus
1116 2615 1268 2683 10000000-

129 2700 176 2753 vit
193 2698 363 2752 humanum«.
401 2698 507 2754 0001ῐο
527 2697 576 2752 1110
598 2699 713 2754 seouudl
738 2699 802 2754 libri
825 2699 886 2754 1000
910 2699 945 2752 00
969 2715 1004 2753 eo
1029 2715 1120 2755 sermo
1146 2715 1201 2756 non
1225 2699 1264 2764 fit,

127 2788 222 2854 ipsam
240 2791 342 2838 terram
360 2783 477 2853 primurn
497 2783 636 2840 hominum
654 2799 742 2852 genus
760 2784 906 2852 genuisse,
927 2785 977 2840 sed
1000 2801 1113 2856 posuere
1131 2785 1264 2852 homines,

129 2870 201 2938 quia
218 2869 311 2937 pariet
327 2867 430 2936 fruges,
451 2869 552 2938 quibus
569 2869 610 2922 illi
629 2869 739 2924 alantur
762 2872 827 2933 qlod.
850 2872 884 2928 ll·

202 2955 263 3011 Nisi
282 2951 372 3017 fallor,
394 2971 428 3009 ex
446 2954 546 3009 eodem
565 2953 641 3010 10010
660 2955 705 3009 hio
724 2972 822 3012 vorsus
845 2953 888 3019 (ll,
910 2957 966 3020 001)
989 2953 1069 3010 fluuit
1087 2965 1171 3026 atque

619 3039 654 3106 v,
675 3043 734 3094 ros.
755 3043 779 3094 a.

219 3128 270 3177 100
288 3126 327 3180 se'e
344 3143 411 3180 0000
429 3131 485 3179 tum
503 3127 582 3180 101100

569 3211 696 3266 mordelis
715 3213 802 3265 saeclo
820 3213 919 3266 0000001

290 3296 373 3350 multa
390 3298 474 3352 rnods'a
492 3297 583 3352 uuoltin
602 3299 678 3352 00010
695 3297 799 3352 ratione
818 3303 916 3351 000010.

291 3401 354 3435 num
371 3401 452 3452 neque
471 3385 502 3436 de
520 3383 592 3437 eaelo
612 3385 734 3438 cecidisse
752 3383 884 3436 osrirnnlia
899 3390 1017 3452 possunt,

292 3486 340 3520 000
357 3468 496 3521 terrestria
514 3470 547 3522 de
565 3469 642 3522 salsis
659 3469 743 3522 exisse
761 3470 880 3521 Iacurrs'a:

221 3555 272 3604 ’105
292 3552 484 3622 linquitur,
504 3555 678 3616 almerita
696 3559 885 3608 maternum
903 3571 1018 3608 nomen
1037 3557 1161 3626 adepto

292 3645 385 3693 terra
402 3641 462 3704 es't,
482 3659 496 3692 0
514 3644 610 3693 terro
627 3640 784 3710 quoniam
802 3645 880 3693 0001
898 3645 1019 3694 000010
1038 3647 1155 3694 creatu

294 3725 428 3795 10000000
445 3743 516 3780 nurse
534 3726 614 3780 stiam
632 3725 746 3780 eaes’slarnt
764 3725 896 3780 animalia
913 3726 1002 3790 terris,

291 3811 419 3866 a'mln'lms
436 3818 461 3866 01
479 3812 565 3866 calido
582 3812 645 3866 001ίο
663 3817 785 3866 concreta
802 3829 909 3883 stupore.

203 3897 311 3952 Versus
330 3901 387 3950 105.
409 3901 424 3949 6
444 3896 525 3952 foede
544 3899 749 3966 interrumpunt
766 3897 1050 3966 argumentationem,
1077 3912 1094 3952 a
1117 3896 1270 3952 10100001-

133 3983 218 4037 malia
237 3983 357 4038 oriunda
375 3999 451 4038 esse:
475 3985 497 4036 1.
519 3999 581 4037 narn
600 3998 689 4052 neque
708 3983 743 4037 de
758 3977 840 4037 'eaelo
859 3983 993 4038 eeoidisee
1013 3990 1140 4052 possunt.
1174 3984 1198 4033 2.
1219 3994 1270 4033 000

137 4069 284 4124 terrestria
303 4069 337 4122 de
362 4071 445 4124 salsis
467 4069 560 4123 exisse
584 4069 699 4122 lacunis.
738 4071 763 4120 3.
790 4069 931 4138 stultaque
949 4084 1022 4122 0000
1045 4069 1128 4123 etiam
1147 4067 1271 4120 existunt

133 4155 269 4208 animalia
288 4155 379 4209 terris.
417 4153 525 4212 Deinde
543 4170 599 4208 non
617 4153 760 4223 linquitur,
780 4159 813 4208 ut
830 4155 928 4210 merito
945 4169 1044 4208 nornen
1063 4153 1158 4206 matris
1169 4151 1270 4218 adepta

132 4243 172 4300 sit
190 4247 276 4304 terro,
298 4241 348 4295 sed
369 4241 510 4309 linquitur,
531 4247 565 4296 ut
582 4245 670 4294 mater
688 4237 781 4294 suerit.
