2994 4890
566 371 610 382 -
658 335 741 417 [nee]
788 370 831 382 --
1208 333 1265 397 εει

128 517 393 603 θαυμαζόμενος
416 521 564 606 volgatae
583 521 754 590 lectionem
770 520 921 588 Graeeuli
943 520 1080 587 alieuius
1104 517 1268 586 oonieotu-

127 642 198 688 ram
220 641 292 689 esse
319 623 437 690 iudioo.
485 623 550 692 Sed
578 643 798 708 quaecumque
827 623 888 690 fuit
917 622 994 688 olim
1015 621 1105 688 verbi
1128 619 1268 702 θαυμά-

129 725 200 804 ζειν
227 726 346 808 forma,
378 727 535 812 Dionysio
565 734 652 794 oerto
684 748 749 793 non
777 726 924 793 debetur.
978 727 1090 810 Neque
1120 725 1206 792 enim
1235 725 1269 792 id

127 829 196 912 agit
226 829 418 916 Dionysius,
451 837 486 896 ut
516 830 762 898 admirationem
784 829 907 914 Gorgia
935 829 1023 915 prius
1045 827 1269 914 Thucydidem

125 939 257 998 nantum
290 953 363 1000 esse
397 935 526 1019 probet,
563 934 622 1001 sed
651 933 729 1010 hoo,
769 933 859 1019 prins
893 953 988 1016 quam
1021 932 1113 998 illum
1143 930 1270 1016 poetioa

127 1035 270 1102 dictione
304 1038 338 1102 in
372 1037 570 1103 orationibus
604 1057 698 1104 nsum
732 1057 805 1103 esse
841 1035 1038 1103 historicum.
1099 1036 1270 1100 Praeterea

126 1139 215 1206 idem
244 1141 376 1208 verbnm
410 1141 618 1224 sequentibus
653 1138 918 1224 δαιμονιώτατος
951 1145 1017 1204 τῶν
1046 1141 1270 1224 συγγραφέων

126 1261 192 1306 non
214 1241 404 1326 languidum
426 1243 538 1326 modo,
572 1243 634 1309 sed
652 1263 782 1328 prorsus
805 1241 903 1332 εἴρεαι
925 1259 1197 1326 supervaoanenm
1219 1240 1266 1306 fit.

126 1343 275 1427 Denique
298 1344 374 1428 quid
405 1345 467 1412 sibi
490 1345 568 1412 velit
590 1367 652 1412 vox
676 1342 843 1429 τοῦνομα,
880 1363 974 1411 nemo
1004 1343 1168 1430 explicare
1196 1348 1269 1428 pot·

126 1447 205 1526 erit;
243 1447 325 1515 adeo
357 1448 466 1514 ieiuna
498 1456 549 1516 est
576 1456 673 1533 atque
702 1449 855 1516 absurda.
909 1450 1016 1531 Atque
1049 1446 1110 1513 hoo
1143 1465 1269 1531 quoque

125 1551 197 1617 iure
220 1571 428 1636 quaeremus,
455 1573 511 1620 our
534 1550 699 1637 τοῦνομα,
733 1554 762 1620 si
785 1553 859 1620 huie
882 1553 1003 1620 nemini
1025 1552 1153 1638 proprio
1175 1550 1269 1616 addi-

127 1660 197 1719 tum
212 1661 272 1738 est,
290 1677 323 1741 p.
342 1658 420 1721 458s
439 1656 472 1722 in
488 1656 610 1741 Gorgia
624 1656 818 1724 nominando
834 1656 985 1723 omissum
1002 1655 1053 1722 sit.
1101 1655 1144 1721 Ut
1162 1654 1268 1720 brevis

127 1758 202 1840 sim,
228 1765 329 1824 totum
351 1759 456 1825 looum
478 1759 620 1845 graviter
641 1767 823 1845 corruptum
846 1779 919 1827 esse
938 1759 1175 1826 demonstrasse
1190 1757 1269 1822 mihi

124 1859 253 1940 videor;
273 1881 367 1944 quem
380 1861 407 1928 si
421 1861 636 1944 sanerevelis,
652 1863 750 1928 altius
763 1862 940 1946 fortiusque
952 1861 1137 1930 secandum.
1163 1860 1270 1927 Unum

125 1964 262 2029 verbnm
283 1965 511 2049 interpolatum
533 1965 743 2032 Ambrosiano
765 1971 895 2033 auotore
921 1965 1126 2048 sustulimus,
1161 1969 1271 2031 oetera

123 2067 174 2132 ita
195 2067 399 2133 emendanda
421 2087 554 2135 censeo:
581 2090 613 2154 p.
632 2071 739 2135 458ess
763 2063 876 2156 ἥψατο
899 2068 937 2134 δὲ
951 2069 1009 2133 καί
1023 2075 1090 2134 τῶν
1105 2061 1271 2154 Ἀθίνησι

123 2167 281 2256 ῥητόρων
302 2164 321 2257 ἡ
344 2169 502 2259 ποιητική
526 2195 561 2238 τε
584 2173 642 2238 καί
663 2171 806 2260 τροπικὴ
823 2169 958 2258 φράσις,
986 2165 1030 2248 ὡς
1044 2171 1108 2254 μὲν
1125 2168 1270 2252 Τίμαιός

123 2293 220 2358 φησι,
250 2277 396 2359 Γοργίου
418 2271 584 2361 άρξαντος
610 2325 672 2342 ...
696 2327 702 2340 .
729 2270 832 2353 ὡςδὲ
856 2270 1005 2363 τάληθές
1028 2274 1106 2358 ἔχει,
1145 2271 1173 2358 [ὃ
1197 2272 1264 2356 καὶ]

121 2376 334 2462 παλαίτερον
355 2376 406 2444 ἔτι
432 2379 698 2468 [θαυμαζομένη]
722 2378 930 2467 Θουκυδίδης
954 2373 1125 2464 [τοῦνομα]
1145 2377 1267 2460 δαιμο-

118 2473 286 2555 νιώτατος
308 2485 375 2546 τῶν
397 2487 622 2570 συγγραφέων
646 2534 653 2546 .
675 2533 682 2548 .
704 2533 710 2548 .
738 2481 775 2550 έν
797 2483 938 2559 πολλοῖς
962 2479 1119 2570 ἐξήλλαξε
1135 2480 1198 2569 τὴν
1213 2479 1268 2568 ίρ-

121 2584 270 2667 μηνείαν
291 2583 362 2648 κτλ.

214 2685 334 2770 Causa,
360 2687 394 2752 ni
417 2688 521 2770 fallor,
547 2688 800 2773 interpolationis
822 2689 881 2756 illa
899 2688 970 2773 tuit,
997 2687 1082 2772 quod
1105 2689 1269 2754 παλαίτε-

122 2810 189 2874 ρον
211 2786 262 2853 έτι
283 2789 317 2854 in
340 2791 549 2877 παλαίτερον
572 2789 639 2856 olel
662 2815 694 2856 τι
716 2793 851 2859 abierat.

214 2911 248 2975 p.
271 2895 377 2958 466εεε
407 2890 597 2979 Κράτιστος
624 2892 688 2980 γὰρ
717 2893 757 2980 δὴ
787 2892 927 2964 πάντων
956 2891 1087 2979 ίγένετο
1117 2889 1270 2980 ῥητόρων

124 2990 235 3079 φύσιν
258 2988 455 3082 ἀνθρώπιον
476 3003 707 3062 κατοπτεῦσαι
728 2997 787 3062 καί
811 2994 853 3062 τά
875 2994 1091 3084 προσήκοντα
1115 2994 1269 3074 ἑκάστοις

123 3091 321 3163 ἀποδουναι
342 3097 441 3186 πάδη
465 3123 501 3165 τε
524 3100 582 3166 καί
604 3095 673 3187 ἤδη
697 3100 755 3165 καί
777 3099 871 3186 ἔργα.
911 3094 1121 3182 Ἀπσδίδωμί
1149 3124 1185 3166 τε
1209 3089 1270 3166 οὖν

123 3193 220 3284 αὐτῷ
248 3201 306 3266 καί
335 3198 397 3288 τὴν
425 3197 704 3290 εὐπρεπεστάτην
730 3197 862 3290 ἀρετὴν,
896 3203 1106 3291 καλουμένην
1133 3203 1170 3269 δέ
1198 3196 1268 3268 ὑπὸ

123 3303 265 3370 πολλῶν
286 3299 488 3391 ἠθοποιίαν.
530 3305 723 3390 copulativa
745 3306 903 3391 particula
919 3329 954 3372 τε
970 3305 1193 3374 oonseoutivae
1208 3295 1270 3372 οὖν

121 3405 236 3472 innota
251 3425 321 3472 oum
336 3408 497 3474 sententia
512 3415 645 3493 pugnat.
683 3407 859 3494 Dionysius
874 3409 959 3476 enim
976 3408 1056 3474 haee
1071 3408 1155 3473 vult:
1183 3409 1270 3492 „Ly-

123 3509 210 3574 siam
234 3509 369 3575 nffeotus
393 3529 495 3576 mores
517 3509 661 3577 sueinora
683 3511 905 3580 oonvenientia
933 3511 1103 3596 uuicuique
1130 3511 1269 3578 tribuere

122 3611 204 3676 dixi.
253 3613 384 3680 Praeter
406 3619 514 3679 oetera
535 3613 633 3698 igitur
646 3615 743 3681 etiam
766 3612 826 3702 την
850 3609 1039 3702 ἠθοποιίαν
1059 3613 1108 3679 illi
1129 3614 1267 3680 tribuo.“

120 3713 233 3792 Quare
248 3714 452 3781 scribendum
467 3723 545 3802 puto
563 3710 758 3800 deuotioni
780 3741 823 3802 γε
847 3705 923 3784 οὖν
940 3718 1010 3782 κτλ.
1048 3716 1169 3783 Similis
1182 3737 1269 3784 error

120 3816 354 3904 particularum
377 3841 413 3902 γε
436 3825 468 3884 et
487 3841 522 3883 τε
538 3819 745 3886 confusarum
761 3819 896 3886 ooourrit
917 3842 950 3906 p.
970 3823 1077 3904 1109ι,
1103 3820 1158 3887 ubi
1174 3822 1269 3905 volgo

119 3919 309 3986 exhibetur:
341 3921 434 4004 (vers.
449 3923 472 4004 a)
493 3927 591 3986 τοῦτο
608 3921 671 4004 μὲν
687 3919 726 4009 δίη
740 3929 876 4008 πρῶτον
892 3923 1008 4007 οἴομαι
1023 3922 1096 3989 δεῖν
1110 3933 1263 3990 σκοπεῖν·

120 4020 293 4110 ἐπιστήμῃ
315 4047 352 4108 γε
375 4024 432 4088 καί
454 4022 539 4090 ἔδει.
588 4025 732 4110 Respicit
754 4033 864 4092 auotor
886 4025 928 4092 ad
956 4027 1056 4093 verba
1076 4047 1109 4112 p.
1127 4030 1268 4092 110712ss

118 4123 201 4202 τοὺς
223 4127 452 4208 βουλομένους
474 4123 535 4214 την
557 4123 723 4194 σύνθεσιν
746 4122 890 4215 ἀκριβῶς
913 4127 1041 4196 είδέναι
1065 4127 1126 4216 τὴν
1147 4132 1266 4216 Δημο-

117 4231 271 4304 σθένους
290 4231 348 4311 (ευ.
367 4222 546 4312 άξιάσαιμ’
566 4224 619 4314 ἂν)
638 4228 674 4296 έκ
690 4231 826 4297 πολλῶν
841 4224 947 4317 αὐτὴν
962 4227 1158 4314 δοκιμάζειν
1173 4229 1267 4297 ίδιω-
