3010 4896
503 357 545 370 -
592 322 666 406 [or]
713 363 754 372 -
1160 329 1203 392 33

89 513 169 589 tuerit,
191 521 226 579 ut
248 519 356 597 poeta,
379 537 450 580 cum
472 537 592 582 summo
616 519 713 583 animi
736 521 850 586 ardore
873 519 1010 605 Cyrnuin
1033 522 1204 600 adamaret,

89 619 162 682 ctiam
182 619 351 686 libidinosa
374 623 415 688 ad
438 621 522 689 hunc
545 631 746 708 componeret
764 628 916 705 carminum
940 649 999 694 neo
1021 651 1110 696 secus
1128 631 1203 695 Pin-

87 724 175 789 darum
196 725 355 792 Theoxeni
379 750 486 796 amore
508 731 669 796 incensum
692 753 725 798 se
744 733 841 800 veluti
859 755 962 798 ceram
980 735 1204 818 liquescentom

86 829 175 924 iuuisse
216 832 250 895 in
296 835 495 901 carminibus.
568 837 656 916 Quae
698 840 839 923 quamvis
880 847 965 906 recte
1007 841 1093 910 dicta
1132 845 1205 920 siut,

86 942 170 1002 tinen
194 959 263 1003 oum
293 943 440 1008 universa
466 943 641 1026 antiquitas
664 945 704 1010 de
726 947 881 1012 eiusmodi
903 947 1081 1016 libidinosis
1102 950 1204 1018 Theo-

84 1044 169 1126 gnidis
194 1047 359 1114 sententiis
385 1071 449 1114 non
481 1049 581 1116 solum
614 1057 719 1118 taceat
746 1053 802 1118 sed
829 1051 967 1120 affirmet
994 1058 1090 1121 etiam
1117 1059 1206 1124 nulla

84 1149 159 1216 huius
179 1155 302 1236 generis
326 1157 358 1220 in
380 1156 447 1222 eius
470 1157 611 1222 versibus
635 1156 775 1237 infuisse,
799 1181 1010 1244 eorumquae
1033 1165 1066 1228 iu
1088 1165 1205 1231 nostris

83 1257 298 1327 collectionibus
335 1263 483 1346 leguntur
518 1264 691 1330 carminum
728 1267 953 1333 amatoriorum
989 1268 1205 1354 Theognidom

83 1365 162 1432 luisse
181 1374 340 1435 auctorem
364 1371 415 1436 vix
439 1376 487 1436 ost
509 1371 683 1455 probabile.

586 1699 675 1780 VII.

152 1901 283 1987 Singula
309 1925 405 1987 porro
438 1903 616 1987 fragmenta
647 1926 703 1970 cur
733 1907 767 1970 in
796 1927 866 1970 eum
894 1927 956 1989 quo
984 1907 1016 1970 in
1044 1906 1205 1972 codicibus

79 2010 233 2076 truduntur
253 2010 397 2076 ordinem
415 2010 540 2095 digesta
558 2017 671 2088 essent,
693 2013 829 2078 multum
847 2033 885 2078 ao
903 2013 957 2078 diu
977 2013 1126 2096 quaesivi,
1149 2014 1205 2078 sed

79 2115 184 2182 nullum
201 2117 269 2183 fere
287 2116 361 2183 inde
379 2116 517 2182 fructum
540 2121 676 2204 percepi.
712 2119 932 2186 Perscrutatus
955 2120 1038 2185 enim
1060 2141 1130 2184 sum
1153 2139 1206 2186 eos

78 2221 161 2299 locos,
186 2225 219 2287 in
246 2224 362 2306 quibus
389 2224 524 2290 maximo
551 2225 685 2290 aliorum
713 2229 879 2310 poiitarum
902 2225 1080 2310 fragmenta
1102 2225 1204 2292 Theo·

78 2327 185 2410 gnidcis
207 2330 351 2396 admixta
372 2352 440 2396 esse
463 2337 636 2410 constaret,
659 2333 686 2397 si
710 2332 786 2418 quid
808 2333 891 2398 forte
914 2354 952 2398 ex
975 2332 1020 2398 cis
1044 2333 1085 2396 sd
1108 2333 1206 2397 totius

78 2434 140 2498 libri
154 2438 411 2520 compositionem
426 2445 534 2520 posset
546 2438 745 2522 inuestigari3
763 2461 870 2504 verum
885 2461 955 2505 cum
970 2439 1003 2504 in
1017 2437 1206 2522 quibusdam

77 2541 214 2607 eiusmodi
247 2543 324 2608 locis
356 2546 512 2610 rationem
543 2545 682 2630 aliquam
715 2567 770 2610 cur
802 2546 922 2612 inserta
953 2552 1056 2612 essent
1087 2551 1206 2611 ccrtmu

76 2647 216 2715 invenisse
248 2649 325 2714 mibi
353 2650 490 2728 viderer,
523 2650 601 2717 aiios
628 2672 757 2735 prorsus
789 2673 916 2735 operam
942 2673 1046 2718 meam
1077 2651 1206 2718 elusisse

75 2752 161 2821 libere
182 2755 342 2848 profiteor.

151 2861 205 2928 Eis
233 2869 339 2929 autem
366 2865 563 2948 potissimum
587 2865 663 2930 locis
685 2865 819 2930 aliorum
842 2867 1007 2949 poetarum
1029 2864 1207 2948 fragmenta

74 2963 182 3035 inserta
204 2991 274 3036 esse
296 2970 494 3048 crediderim,
516 2971 572 3036 ubi
596 2973 634 3048 ei,
657 2971 711 3056 qui
734 2971 946 3049 inseruerunt,
969 2993 1040 3037 oum
1062 2971 1205 3055 genuinis

74 3073 254 3161 Theognidis
283 3077 450 3143 sententiis
478 3078 596 3144 similes
619 3077 700 3144 alius
723 3079 886 3144 cuiusdam
908 3100 1010 3161 neque
1033 3078 1135 3142 minus
1157 3077 1206 3142 in-

73 3181 161 3264 signis
182 3185 295 3267 po'e'tae
314 3183 450 3250 conferri
469 3184 634 3250 voluerint.
681 3184 777 3250 Cuius
799 3187 847 3250 rei
870 3185 1012 3270 exempla
1034 3205 1072 3250 ca
1090 3184 1204 3268 depro-

73 3309 182 3356 mamus
208 3290 402 3374 fragmenta,
434 3311 567 3376 quorum
595 3291 690 3358 cortis
717 3292 905 3358 testimoniis
932 3292 1075 3358 novimus
1102 3290 1205 3356 Theo-

71 3395 189 3474 gnidem
225 3417 290 3461 non
326 3396 422 3464 fuisse
459 3404 627 3463 auctorem.
694 3397 797 3464 Multa
834 3399 917 3463 enim
952 3399 985 3462 in
1022 3396 1205 3482 fragmentis

71 3499 274 3587 Theognideis
300 3505 417 3581 inesse,
445 3524 524 3588 quae
551 3504 625 3570 huic
651 3507 763 3588 politae
789 3503 1001 3570 abiudicanda
1027 3503 1103 3579 sint,
1135 3525 1205 3569 oum

71 3607 145 3674 inter
172 3611 255 3676 uiros
283 3609 392 3676 doctos
424 3617 556 3688 constet,
566 3613 591 3696 ¹)
624 3617 743 3687 tamen,
775 3612 825 3677 cui
853 3612 998 3696 quodque
1025 3612 1137 3694 potitae
1164 3609 1206 3674 sit

70 3715 294 3794 donandum,
317 3738 380 3782 non
404 3738 528 3803 semper
551 3723 672 3784 certum
695 3716 762 3783 fieri
786 3723 890 3802 potest
912 3718 1072 3784 iudicium

152 3823 257 3889 Veluti
282 3824 424 3890 versibus
447 3824 623 3890 319-322
646 3846 665 3890 a
688 3824 869 3909 Theognide
893 3825 1028 3890 conditis
1055 3829 1205 3906 quattuor

70 3947 171 3995 versus
188 3931 374 4008 uro-318,
397 3952 475 4016 quos
498 3931 620 3999 Solonis
643 3951 711 3996 esse
733 3937 857 3998 constat
880 3931 950 4016 (cir.
969 3929 1141 4016 Bergkium
1163 3931 1204 3996 sd

70 4029 187 4101 Solonis
210 4038 288 4122 eleg.
312 4037 421 4122 flegun.
446 4039 528 4124 XV),
550 4038 621 4105 ideo
645 4045 719 4104 sunt
742 4039 919 4124 praemissi,
946 4038 1031 4121 quod
1053 4039 1086 4102 in
1109 4037 1204 4102 simili

96 4197 275 4209 Ἠ-.

156 4286 176 4348 ¹)
193 4286 253 4355 oua
275 4287 310 4342 de
333 4303 364 4342 re
386 4285 435 4342 cir.
454 4286 604 4356 praecipue
624 4285 738 4355 Ber-giiii
757 4287 819 4341 ado.
839 4285 964 4340 criticam
982 4285 1017 4340 od
1036 4284 1157 4355 Theogn.
1177 4289 1205 4340 et

71 4385 90 4418 n
109 4369 134 4423 d.
154 4373 263 4445 Meyum
282 4375 311 4431 in
331 4393 391 4445 cap.
411 4377 461 4442 1v3
481 4375 529 4430 cir.
550 4375 633 4430 etism
653 4374 827 4430 Rintelenum
848 4393 874 4444 p.
895 4375 929 4428 48
948 4391 1007 4443 sqq.

1028 4465 1044 4515 b'
