3026 4886
278 339 319 402 oo
578 395 581 400 ,
712 367 756 380 -
803 334 886 415 μιη
933 369 977 381 -

280 518 298 590 δ
314 520 491 608 πρότερος·
516 525 683 608 μέμνηται
697 517 760 605 γὰρ
785 517 821 585 ἐν
837 513 927 604 αὐτῷ
942 513 985 596 ὡς
1001 519 1223 602 ἐκδεδομένοο
1246 513 1338 604 αὐτῷ
1358 530 1415 587 τοῦ

279 628 358 712 περὶ
384 623 573 712 μιμησεωςς
615 623 657 690 εί.
683 623 847 690 Sohaeser.
877 622 917 688 de
940 644 968 688 o.
994 643 1024 688 v.
1052 622 1155 709 praei.
1181 645 1215 708 p.
1234 623 1315 688 XXI
1337 625 1412 706 adn.

150 761 157 774 ·
278 729 321 794 ut
343 729 403 795 hoe
425 727 556 811 quidem
577 727 659 792 falso
681 726 768 807 eddi,
795 747 866 793 oum
889 733 1022 809 utroque
1045 728 1116 792 looo
1136 726 1279 792 futurum
1297 736 1411 808 exstet,

281 831 426 921 Blessius
457 838 542 900 reete
571 830 694 896 monuit
721 832 762 913 (p.
782 833 847 912 27}.
896 829 961 895 Sed
983 830 1047 900 ium
1076 830 1137 896 hoo
1159 849 1295 912 quaero,
1330 831 1415 898 unrle

278 932 357 999 illud
379 933 420 1000 de
444 933 599 1018 Dionysio
626 940 754 998 auctore
777 932 957 998 efficietur?
992 933 1054 1000 Ubi
1078 933 1228 1018 Dionysii
1257 953 1322 999 non
1346 933 1416 1000 dieo

280 1056 405 1116 nomen,
433 1035 490 1102 sed
513 1034 617 1116 stilus,
652 1034 837 1116 sodomum,
864 1034 920 1100 sed
935 1042 1019 1101 totus
1040 1035 1191 1102 habitus?
1229 1035 1377 1102 Blossius
1399 1055 1417 1102 e

281 1159 425 1206 sermone
449 1138 529 1204 nihil
552 1137 699 1204 oonoludi
730 1157 826 1223 posse
849 1147 975 1222 oenset,
1007 1139 1084 1222 quia
1106 1139 1300 1224 Dionysius,
1333 1140 1417 1204 siin

280 1242 399 1308 talibus
422 1240 549 1326 seriptis
572 1241 701 1308 soholee
722 1249 820 1324 etque
850 1242 958 1325 pueris
981 1241 1150 1308 destinetis
1177 1262 1292 1327 parum
1319 1243 1416 1308 studii

280 1347 450 1430 posuisset,
476 1365 539 1410 non
558 1347 638 1412 odeo
660 1345 774 1412 mirum
797 1345 937 1410 secturus
960 1344 1055 1412 suerit
1074 1349 1116 1431 [p.
1135 1349 1201 1431 28).
1241 1349 1286 1412 At
1307 1346 1344 1411 iu
1358 1345 1418 1411 dn-

281 1449 342 1514 biis
372 1449 497 1534 seriptis
526 1447 741 1515 diiudicandis
767 1469 786 1516 e
809 1449 877 1514 solo
906 1468 1052 1516 sermone
1081 1469 1323 1532 nonnumquam
1351 1448 1419 1515 dis-

282 1552 402 1618 crimen
432 1551 639 1636 repetendum
662 1570 735 1616 esse
763 1549 883 1616 dudum
912 1551 1110 1618 intellectum
1136 1558 1196 1617 est.
1244 1551 1416 1618 Laxiorenr

282 1655 429 1740 Dionysii
452 1655 627 1722 orationem
650 1673 691 1719 ex
712 1655 815 1719 altere
837 1653 974 1720 maxime
997 1654 1041 1720 nd
1061 1655 1252 1722 Ammoeum
1276 1655 1418 1741 epistula

280 1757 329 1824 ,ἐν
357 1765 408 1844 τῷ
436 1757 726 1841 διδασκαλικῴ
756 1754 941 1843 σχήματι
963 1757 1081 1842 scripta
1107 1757 1158 1835 (oi.
1179 1780 1212 1843 p.
1231 1761 1336 1841 78914}
1364 1779 1417 1824 εο-

281 1882 435 1945 gnoscere
463 1862 555 1942 lieet,
587 1862 677 1929 onius
708 1881 812 1928 sermo
840 1861 1000 1927 neminem
1022 1861 1124 1944 fugiet
1157 1869 1355 1947 quantopere
1377 1863 1417 1928 ab

176 1981 184 1996 ·
283 1966 360 2032 artis
383 1965 523 2050 eopitum
540 1966 570 2030 X
586 1972 618 2032 et
632 1965 680 2030 XI
702 1965 841 2032 differet.
881 1963 1035 2049 Syntexis
1057 1985 1187 2050 prorsus
1203 1965 1334 2032 diversa
1349 1975 1413 2042 est;

284 2069 440 2154 imprimis
463 2067 623 2152 usyndoto
641 2075 742 2157 notes,
769 2087 852 2151 quae
876 2070 976 2133 multu
996 2075 1175 2135 ooonrrnnt.
1213 2070 1416 2136 Praeclarum
1489 2137 1490 2142 ,

283 2173 385 2239 habes
401 2174 581 2257 exemplum
598 2194 631 2257 p.
643 2175 719 2237 407⁷
740 2166 787 2236 ‘H
800 2168 911 2258 γνώμη
935 2173 1079 2260 τριπλῆν
1101 2171 1254 2252 ἐξέτασιν
1269 2172 1348 2254 ἔχει.
1373 2169 1415 2258 μη

283 2273 435 2362 περιττὰ,
465 2273 510 2363 μὴ
533 2274 742 2356 ἐλλείποντα,
770 2273 814 2362 μη
839 2274 993 2340 ἐναντία·
1026 2275 1067 2340 τὰ
1089 2272 1231 2360 περιττὰ
1254 2278 1413 2362 ιγλναρίιι,

284 2377 326 2444 τὰ
356 2378 555 2445 ἐλλείποντα
585 2374 714 2466 ἀσθενῆ
744 2373 973 2464 (duriorem),
1013 2376 1055 2443 τὰ
1084 2377 1220 2444 ἐναντία
1250 2379 1412 2454 κίνδυνος.

276 2478 425 2570 Ὅμηρος
441 2489 545 2548 ταῦτα
562 2480 808 2569 ἐπεσημήνατο.
850 2484 940 2547 38512
964 2489 1103 2548 τοιαῦτα
1126 2489 1189 2566 μέν
1202 2481 1287 2549 Ιτινα
1310 2481 1416 2547 καδό-

283 2587 345 2652 λοο
360 2579 469 2670 λέγειν
484 2585 605 2668 ἐχομεν
621 2584 657 2650 ἐν
671 2579 751 2672 ἤθει
767 2583 804 2650 ἐν
818 2582 930 2669 γνώμη
947 2583 983 2650 ἐν
999 2590 1096 2670 τέχνη
1113 2585 1150 2651 ἐν
1164 2586 1263 2666 λέξει.
1293 2587 1329 2650 Ρ.
1343 2589 1411 2650 3861

284 2689 357 2755 ἐστι
378 2688 415 2753 δέ
438 2685 479 2754 τὰ
502 2696 559 2776 της
582 2681 783 2764 ὑποθέσεως
805 2701 955 2769 στοιχεῖα
978 2693 1125 2772 τέσσαρα
1148 2693 1333 2774 προοίμιον
1347 2687 1415 2774 rioj-
1489 2691 1490 2710 ³

285 2814 379 2880 γησις
401 2797 534 2868 πίστεις
557 2789 712 2876 ἐπίλογοι
738 2792 787 2876 [of.
808 2795 923 2875 39116).
965 2795 1054 2856 396ιι
1081 2791 1152 2857 ἐστι
1174 2792 1211 2869 δέ
1234 2789 1277 2856 τὰ
1299 2798 1414 2858 τέσσα-

285 2920 327 2980 ρα
344 2902 449 2960 ταῦτα
466 2884 553 2982 ἦδος
577 2891 688 2980 γνώμη
705 2899 802 2981 τέχνη
820 2895 919 2973 λέξις.
965 2895 1084 2961 Contra
1100 2896 1248 2962 conferes
1263 2895 1304 2962 de
1320 2896 1411 2961 Isoor.
1489 2911 1490 2984 j

286 3021 317 3085 p.
333 3002 423 3064 53911
440 2995 594 3064 zosimo
617 2997 653 3064 δέ
676 3005 776 3084 τριῶν
792 2993 900 3064 ὄντων
916 3045 964 3061 ...
988 3005 1045 3084 της
1061 2993 1087 3062 τ’
1103 2997 1240 3086 ἐκλογῆς
1263 3006 1329 3064 τῶν
1344 2993 1415 3064 ὀνο-

285 3100 402 3184 μάτων
424 3103 480 3166 καὶ
503 3109 560 3189 της
584 3100 619 3167 ἐκ
643 3099 772 3169 ,τούτων
795 3095 959 3184 ἁρμονίας
981 3103 1038 3166 καὶ
1058 3108 1125 3167 τῶν
1147 3100 1415 3186 περιλαμβανόν-

286 3230 353 3271 τιον
375 3200 462 3271 αὐτὰ
478 3202 667 3292 σχημάτων.
709 3205 749 3270 de
766 3205 860 3270 Deru.
878 3227 910 3290 p.
929 3208 1038 3269 111211
1063 3211 1123 3270 τοῦ
1145 3206 1254 3288 λέγειν
1269 3194 1308 3272 εὖ
1329 3203 1413 3290 διτιη

286 3303 305 3396 ἡ
329 3309 492 3394 διαίρεσίς
523 3307 623 3387 ἐστιν,
657 3306 704 3384 ε’ίς
735 3331 769 3372 τε
792 3304 851 3372 τὸν
874 3304 1110 3392 πραγματικὸν
1139 3306 1270 3392 τρόπον
1294 3310 1351 3372 καί
1373 3309 1415 3384 είς

287 3409 346 3478 τὸν
361 3408 523 3477 λεκτικόν.
564 3413 600 3476 Ρ.
619 3415 694 3476 400⁵
719 3407 760 3474 τὰ
776 3414 890 3475 τοίνυν
912 3409 982 3475 ’ίδια
1005 3411 1062 3475 καὶ
1085 3407 1244 3497 ῥητορικὰ
1259 3406 1328 3498 ἤδη
1347 3409 1414 3476 τοὺ-

286 3539 357 3592 τοις
381 3515 561 3600 διαιρεῖται
586 3509 672 3578 κατὰ
695 3511 780 3600 ἐδνη
812 3518 888 3599 γένη
913 3507 1043 3599 Ιἡλικίας
1073 3517 1290 3597 προαιρέσεις
1320 3512 1414 3596 τδγιις

287 3615 526 3704 ἐπιτηδεύσεις,
553 3637 689 3699 quonum
706 3616 852 3682 conseras
874 3616 914 3680 de
929 3615 1007 3700 Lys.
1026 3620 1163 3700 p.4691o
1186 3617 1243 3680 καὶ
1265 3613 1329 3700 γὰρ
1353 3611 1414 3704 ηλι-

285 3727 344 3806 κίηι
365 3723 422 3785 καὶ
438 3725 527 3804 γένει
549 3721 604 3784 καὶ
620 3719 760 3804 παιδείᾳ
783 3720 840 3783 καὶ
856 3717 1096 3805 ἐπιτηδεύματι
1118 3721 1174 3784 καὶ
1192 3724 1257 3804 βίῳ
1281 3723 1414 3797 καὶτοῖς

288 3820 402 3901 ἄλλοις
432 3875 440 3888 .
468 3875 474 3888 .
504 3874 510 3887 .
537 3820 597 3900 τὰς
628 3821 753 3898 οἰκείας
781 3816 972 3887 ἀποδίδωσι
1000 3819 1128 3908 (μονάς.
1176 3823 1251 3888 Alia
1279 3823 1412 3890 eiusdem

288 3927 415 4011 generis
430 3926 531 3990 molta
542 3933 683 3991 exstant.
694 3962 738 3973 —
749 3926 920 3990 Praeterea
933 3927 1030 3990 verba
1042 3932 1219 4005 occurrunt,
1239 3945 1324 4008 quoe
1336 3926 1412 4010 apud

289 4027 478 4114 Dionysium
501 4049 564 4094 non
587 4029 746 4112 leguntur.
787 4021 977 4113 Ἀρχαίζειν
998 4050 1030 4113 p.
1048 4030 1124 4093 3822
1147 4027 1285 4113 primum
1309 4048 1326 4094 e
1348 4031 1413 4093 Piu-

289 4132 389 4200 turohi
412 4131 585 4198 moralibus
608 4151 639 4216 p.
654 4131 761 4196 558Α
784 4130 908 4215 reperio
925 4139 1098 4196 enototum.
1138 4127 1185 4194 Τὸ
1210 4129 1247 4196 δὲ
1268 4136 1331 4196 νῦν
1346 4129 1413 4214 ipos

288 4259 321 4322 p.
341 4240 430 4302 39415
459 4235 493 4300 in
516 4235 684 4302 rhetoricis
700 4233 846 4318 Dionysii
870 4234 997 4318 scriptis
1027 4237 1090 4300 non
1107 4241 1213 4300 exstat
1235 4254 1295 4300 neo
1319 4235 1411 4316 magis
