<?xml version="1.0" encoding="UTF-8"?>
<!DOCTYPE html PUBLIC "-//W3C//DTD XHTML 1.0 Transitional//EN"
    "http://www.w3.org/TR/xhtml1/DTD/xhtml1-transitional.dtd">
<html xmlns="http://www.w3.org/1999/xhtml" xml:lang="en" lang="en">
 <head>
  <title>
</title>
<meta http-equiv="Content-Type" content="text/html;charset=utf-8" />
  <meta name='ocr-system' content='tesseract 3.04.00' />
  <meta name='ocr-capabilities' content='ocr_page ocr_carea ocr_par ocr_line ocrx_word'/>
</head>
<body>
  <div class='ocr_page' id='page_1' title='image "./dissertationesp02unkngoog/dissertationesp02unkngoog_0735.png"; bbox 0 0 2982 4884; ppageno 0'>
   <div class='ocr_carea' id='block_1_1' title="bbox 254 333 954 415">
    <p class='ocr_par' dir='ltr' id='par_1_1' title="bbox 254 333 954 415">
     <span class='ocr_line' id='line_1_1' title="bbox 254 333 954 415; baseline -0.007 -15"><span class='ocrx_word' id='word_1_1' title='bbox 254 339 316 400; x_wconf 80' lang='lat' dir='ltr'><strong>sao</strong></span> <span class='ocrx_word' id='word_1_2' title='bbox 689 369 731 380; x_wconf 90' lang='grc'><strong>-</strong></span> <span class='ocrx_word' id='word_1_3' title='bbox 779 333 863 415; x_wconf 74' lang='grc' dir='ltr'><em>μισ</em></span> <span class='ocrx_word' id='word_1_4' title='bbox 911 369 954 377; x_wconf 88' lang='grc'>-</span> 
     </span>
    </p>
   </div>
   <div class='ocr_carea' id='block_1_2' title="bbox 250 511 1387 1225">
    <p class='ocr_par' dir='ltr' id='par_1_2' title="bbox 250 511 1387 1225">
     <span class='ocr_line' id='line_1_2' title="bbox 252 511 1379 608; baseline -0.007 -22"><span class='ocrx_word' id='word_1_5' title='bbox 252 545 284 608; x_wconf 90' lang='lat' dir='ltr'><em>p.</em></span> <span class='ocrx_word' id='word_1_6' title='bbox 306 526 426 603; x_wconf 74' lang='lat' dir='ltr'><strong>tuoto,</strong></span> <span class='ocrx_word' id='word_1_7' title='bbox 456 543 500 601; x_wconf 81' lang='grc' dir='ltr'><em>ιε;</em></span> <span class='ocrx_word' id='word_1_8' title='bbox 536 515 618 586; x_wconf 74' lang='grc' dir='ltr'><em>ὅσον</em></span> <span class='ocrx_word' id='word_1_9' title='bbox 646 519 678 586; x_wconf 79' lang='grc' dir='ltr'><em>οἱ</em></span> <span class='ocrx_word' id='word_1_10' title='bbox 706 521 770 602; x_wconf 76' lang='grc' dir='ltr'><em>μὲν</em></span> <span class='ocrx_word' id='word_1_11' title='bbox 798 558 840 568; x_wconf 90' lang='grc'><strong>-</strong></span> <span class='ocrx_word' id='word_1_12' title='bbox 870 513 965 608; x_wconf 98' lang='grc' dir='ltr'><em>ἡμεῖς</em></span> <span class='ocrx_word' id='word_1_13' title='bbox 983 511 1033 584; x_wconf 62' lang='grc' dir='ltr'><em>σὲ</em></span> <span class='ocrx_word' id='word_1_14' title='bbox 1063 519 1180 604; x_wconf 74' lang='lat' dir='ltr'><strong>legitur</strong></span> <span class='ocrx_word' id='word_1_15' title='bbox 1207 540 1241 603; x_wconf 91' lang='lat' dir='ltr'><em>p.</em></span> <span class='ocrx_word' id='word_1_16' title='bbox 1266 520 1379 581; x_wconf 68' lang='lat' dir='ltr'><strong>touta</strong></span> 
     </span>
     <span class='ocr_line' id='line_1_3' title="bbox 254 621 1381 709; baseline -0.003 -20"><span class='ocrx_word' id='word_1_17' title='bbox 254 627 362 690; x_wconf 79' lang='lat'>10032.</span> <span class='ocrx_word' id='word_1_18' title='bbox 413 623 584 690; x_wconf 80' lang='lat' dir='ltr'><strong>Praetereo</strong></span> <span class='ocrx_word' id='word_1_19' title='bbox 619 644 704 708; x_wconf 82' lang='lat' dir='ltr'><strong>quaa</strong></span> <span class='ocrx_word' id='word_1_20' title='bbox 735 623 797 690; x_wconf 92' lang='lat' dir='ltr'><em>huo</em></span> <span class='ocrx_word' id='word_1_21' title='bbox 830 623 936 690; x_wconf 83' lang='lat' dir='ltr'><strong>facore</strong></span> <span class='ocrx_word' id='word_1_22' title='bbox 968 623 1111 709; x_wconf 80' lang='lat' dir='ltr'>possint,</span> <span class='ocrx_word' id='word_1_23' title='bbox 1150 622 1252 688; x_wconf 85' lang='lat' dir='ltr'><strong>habc&#39;s</strong></span> <span class='ocrx_word' id='word_1_24' title='bbox 1289 621 1381 687; x_wconf 80' lang='lat' dir='ltr'><strong>huso:</strong></span> 
     </span>
     <span class='ocr_line' id='line_1_4' title="bbox 252 720 1382 814; baseline -0.002 -23"><span class='ocrx_word' id='word_1_25' title='bbox 252 731 395 814; x_wconf 61' lang='lat' dir='ltr'><strong>plotus</strong></span> <span class='ocrx_word' id='word_1_26' title='bbox 419 725 451 792; x_wconf 81' lang='grc' dir='ltr'><em>οἱ</em></span> <span class='ocrx_word' id='word_1_27' title='bbox 473 725 632 813; x_wconf 80' lang='grc' dir='ltr'><em>μὲνγὰρ,</em></span> <span class='ocrx_word' id='word_1_28' title='bbox 660 745 774 793; x_wconf 76' lang='lat' dir='ltr'><strong>verso</strong></span> <span class='ocrx_word' id='word_1_29' title='bbox 800 721 896 814; x_wconf 87' lang='grc' dir='ltr'><em>ἡμεῖς</em></span> <span class='ocrx_word' id='word_1_30' title='bbox 919 726 972 808; x_wconf 55' lang='lat' dir='ltr'><strong>tn</strong></span> <span class='ocrx_word' id='word_1_31' title='bbox 1002 747 1089 793; x_wconf 83' lang='lat' dir='ltr'><strong>vers.</strong></span> <span class='ocrx_word' id='word_1_32' title='bbox 1108 752 1121 792; x_wconf 89' lang='lat' dir='ltr'><strong>o</strong></span> <span class='ocrx_word' id='word_1_33' title='bbox 1143 720 1294 791; x_wconf 80' lang='grc' dir='ltr'><em>κάκεῖνοι</em></span> <span class='ocrx_word' id='word_1_34' title='bbox 1314 725 1382 808; x_wconf 80' lang='grc' dir='ltr'><em>μὲν.</em></span> 
     </span>
     <span class='ocr_line' id='line_1_5' title="bbox 250 823 1383 916; baseline -0.005 -18"><span class='ocrx_word' id='word_1_35' title='bbox 250 851 335 898; x_wconf 84' lang='lat' dir='ltr'><strong>vers.</strong></span> <span class='ocrx_word' id='word_1_36' title='bbox 362 855 385 895; x_wconf 82' lang='grc' dir='ltr'><em>ιι</em></span> <span class='ocrx_word' id='word_1_37' title='bbox 420 823 513 916; x_wconf 87' lang='grc' dir='ltr'><em>ἡμεῖς</em></span> <span class='ocrx_word' id='word_1_38' title='bbox 542 829 589 895; x_wconf 79' lang='grc' dir='ltr'><em>δέ.</em></span> <span class='ocrx_word' id='word_1_39' title='bbox 636 831 705 896; x_wconf 88' lang='lat' dir='ltr'><em>Iam</em></span> <span class='ocrx_word' id='word_1_40' title='bbox 735 829 776 896; x_wconf 86' lang='lat' dir='ltr'><em>do</em></span> <span class='ocrx_word' id='word_1_41' title='bbox 806 829 1009 896; x_wconf 87' lang='lat' dir='ltr'><strong>Ambrosiaui</strong></span> <span class='ocrx_word' id='word_1_42' title='bbox 1038 829 1175 896; x_wconf 82' lang='lat' dir='ltr'><strong>lectione</strong></span> <span class='ocrx_word' id='word_1_43' title='bbox 1204 828 1383 896; x_wconf 82' lang='lat' dir='ltr'><strong>videndum.</strong></span> 
     </span>
     <span class='ocr_line' id='line_1_6' title="bbox 250 931 1387 1019; baseline -0.002 -19"><span class='ocrx_word' id='word_1_44' title='bbox 250 935 357 1002; x_wconf 81' lang='lat' dir='ltr'><strong>Verba</strong></span> <span class='ocrx_word' id='word_1_45' title='bbox 380 931 506 1010; x_wconf 78' lang='grc' dir='ltr'><em>ἐκεῖνος</em></span> <span class='ocrx_word' id='word_1_46' title='bbox 527 933 591 1015; x_wconf 80' lang='grc' dir='ltr'><em>μὲν</em></span> <span class='ocrx_word' id='word_1_47' title='bbox 612 931 676 1019; x_wconf 81' lang='grc' dir='ltr'><em>γὰρ</em></span> <span class='ocrx_word' id='word_1_48' title='bbox 699 953 779 999; x_wconf 81' lang='lat' dir='ltr'><strong>saun</strong></span> <span class='ocrx_word' id='word_1_49' title='bbox 801 953 864 999; x_wconf 91' lang='lat' dir='ltr'><em>nou</em></span> <span class='ocrx_word' id='word_1_50' title='bbox 888 939 977 1008; x_wconf 89' lang='lat' dir='ltr'><strong>snnt;</strong></span> <span class='ocrx_word' id='word_1_51' title='bbox 1004 952 1108 1016; x_wconf 83' lang='lat' dir='ltr'><strong>noque</strong></span> <span class='ocrx_word' id='word_1_52' title='bbox 1123 933 1208 1001; x_wconf 86' lang='lat' dir='ltr'><strong>onim</strong></span> <span class='ocrx_word' id='word_1_53' title='bbox 1222 933 1305 1000; x_wconf 82' lang='lat' dir='ltr'><strong>inter</strong></span> <span class='ocrx_word' id='word_1_54' title='bbox 1319 935 1387 998; x_wconf 88' lang='lat' dir='ltr'><strong>Iso-</strong></span> 
     </span>
     <span class='ocr_line' id='line_1_7' title="bbox 252 1037 1387 1123; baseline -0.002 -19"><span class='ocrx_word' id='word_1_55' title='bbox 252 1037 348 1104; x_wconf 86' lang='lat' dir='ltr'><strong>cratis</strong></span> <span class='ocrx_word' id='word_1_56' title='bbox 370 1038 471 1104; x_wconf 82' lang='lat' dir='ltr'><strong>verba</strong></span> <span class='ocrx_word' id='word_1_57' title='bbox 492 1044 662 1103; x_wconf 82' lang='lat' dir='ltr'><strong>occurrunt</strong></span> <span class='ocrx_word' id='word_1_58' title='bbox 684 1043 717 1103; x_wconf 87' lang='lat' dir='ltr'><strong>ot</strong></span> <span class='ocrx_word' id='word_1_59' title='bbox 738 1037 855 1122; x_wconf 83' lang='lat' dir='ltr'>plurali</span> <span class='ocrx_word' id='word_1_60' title='bbox 879 1039 994 1102; x_wconf 84' lang='lat' dir='ltr'><strong>saltam</strong></span> <span class='ocrx_word' id='word_1_61' title='bbox 1015 1055 1147 1103; x_wconf 86' lang='lat' dir='ltr'><strong>numero</strong></span> <span class='ocrx_word' id='word_1_62' title='bbox 1168 1037 1295 1123; x_wconf 82' lang='lat' dir='ltr'><strong>prolata</strong></span> <span class='ocrx_word' id='word_1_63' title='bbox 1317 1057 1387 1102; x_wconf 83' lang='lat' dir='ltr'><strong>asso</strong></span> 
     </span>
     <span class='ocr_line' id='line_1_8' title="bbox 250 1133 1385 1225; baseline -0.002 -19"><span class='ocrx_word' id='word_1_64' title='bbox 250 1140 418 1207; x_wconf 80' lang='lat' dir='ltr'><strong>debebant.</strong></span> <span class='ocrx_word' id='word_1_65' title='bbox 460 1139 510 1204; x_wconf 78' lang='lat' dir='ltr'><em>Ex</em></span> <span class='ocrx_word' id='word_1_66' title='bbox 524 1138 652 1204; x_wconf 83' lang='lat' dir='ltr'><strong>diverso</strong></span> <span class='ocrx_word' id='word_1_67' title='bbox 664 1139 867 1206; x_wconf 86' lang='lat' dir='ltr'><strong>Ambrosiani</strong></span> <span class='ocrx_word' id='word_1_68' title='bbox 883 1139 1053 1206; x_wconf 80' lang='lat' dir='ltr'><strong>lectionem</strong></span> <span class='ocrx_word' id='word_1_69' title='bbox 1068 1133 1217 1206; x_wconf 79' lang='grc' dir='ltr'><em>κάκεῖνοι</em></span> <span class='ocrx_word' id='word_1_70' title='bbox 1232 1140 1385 1225; x_wconf 70' lang='lat' dir='ltr'><strong>integram</strong></span> 
     </span>
    </p>
   </div>
   <div class='ocr_carea' id='block_1_3' title="bbox 250 1239 1421 1329">
    <p class='ocr_par' dir='ltr' id='par_1_3' title="bbox 250 1239 1421 1329">
     <span class='ocr_line' id='line_1_9' title="bbox 250 1239 1421 1329; baseline -0.008 -17"><span class='ocrx_word' id='word_1_71' title='bbox 250 1245 341 1312; x_wconf 89' lang='lat' dir='ltr'><strong>duco.</strong></span> <span class='ocrx_word' id='word_1_72' title='bbox 389 1243 451 1309; x_wconf 90' lang='lat' dir='ltr'><em>Pro</em></span> <span class='ocrx_word' id='word_1_73' title='bbox 476 1240 602 1318; x_wconf 78' lang='grc' dir='ltr'><em>ἐκεῖνος</em></span> <span class='ocrx_word' id='word_1_74' title='bbox 623 1241 686 1326; x_wconf 78' lang='grc' dir='ltr'><em>μὲν</em></span> <span class='ocrx_word' id='word_1_75' title='bbox 708 1239 771 1327; x_wconf 73' lang='grc' dir='ltr'><em>γὰρ</em></span> <span class='ocrx_word' id='word_1_76' title='bbox 795 1251 926 1328; x_wconf 84' lang='lat' dir='ltr'><strong>proptor</strong></span> <span class='ocrx_word' id='word_1_77' title='bbox 947 1242 1123 1328; x_wconf 82' lang='lat' dir='ltr'><strong>particulas</strong></span> <span class='ocrx_word' id='word_1_78' title='bbox 1145 1241 1287 1329; x_wconf 75' lang='grc' dir='ltr'><em>μὲνγὰρ</em></span> <span class='ocrx_word' id='word_1_79' title='bbox 1309 1243 1386 1310; x_wconf 87' lang='lat' dir='ltr'><strong>scri-</strong></span> <span class='ocrx_word' id='word_1_80' title='bbox 1409 1275 1421 1303; x_wconf 61' lang='grc' dir='ltr'><em>ι</em></span> 
     </span>
    </p>
   </div>
   <div class='ocr_carea' id='block_1_4' title="bbox 250 1339 1385 2774">
    <p class='ocr_par' dir='ltr' id='par_1_4' title="bbox 250 1339 1385 1948">
     <span class='ocr_line' id='line_1_10' title="bbox 250 1339 1379 1432; baseline -0.003 -19"><span class='ocrx_word' id='word_1_81' title='bbox 250 1349 326 1414; x_wconf 85' lang='lat' dir='ltr'>bere</span> <span class='ocrx_word' id='word_1_82' title='bbox 349 1346 457 1411; x_wconf 86' lang='lat' dir='ltr'><strong>malim</strong></span> <span class='ocrx_word' id='word_1_83' title='bbox 481 1343 521 1410; x_wconf 75' lang='grc' dir='ltr'><em>σῖ</em></span> <span class='ocrx_word' id='word_1_84' title='bbox 542 1342 690 1431; x_wconf 78' lang='grc' dir='ltr'><em>μὲνγὰρ</em></span> <span class='ocrx_word' id='word_1_85' title='bbox 712 1367 744 1431; x_wconf 90' lang='lat' dir='ltr'><em>p.</em></span> <span class='ocrx_word' id='word_1_86' title='bbox 767 1349 874 1427; x_wconf 67' lang='lat'>10020,</span> <span class='ocrx_word' id='word_1_87' title='bbox 901 1339 1140 1431; x_wconf 63' lang='lat' dir='ltr'><strong>postaticum</strong></span> <span class='ocrx_word' id='word_1_88' title='bbox 1160 1347 1258 1432; x_wconf 87' lang='lat' dir='ltr'><strong>(=p.</strong></span> <span class='ocrx_word' id='word_1_89' title='bbox 1277 1349 1379 1426; x_wconf 70' lang='lat' dir='ltr'><strong>tuoto}</strong></span> 
     </span>
     <span class='ocr_line' id='line_1_11' title="bbox 250 1443 1385 1536; baseline -0.001 -20"><span class='ocrx_word' id='word_1_90' title='bbox 250 1452 351 1516; x_wconf 83' lang='lat' dir='ltr'><strong>verba</strong></span> <span class='ocrx_word' id='word_1_91' title='bbox 378 1443 474 1536; x_wconf 81' lang='grc' dir='ltr'><em>ἡμεῖς</em></span> <span class='ocrx_word' id='word_1_92' title='bbox 509 1448 546 1513; x_wconf 76' lang='grc' dir='ltr'><em>δὲ</em></span> <span class='ocrx_word' id='word_1_93' title='bbox 583 1449 624 1533; x_wconf 85' lang='lat' dir='ltr'><em>(p.</em></span> <span class='ocrx_word' id='word_1_94' title='bbox 654 1451 774 1533; x_wconf 78' lang='lat'>100211)</span> <span class='ocrx_word' id='word_1_95' title='bbox 815 1448 1018 1515; x_wconf 79' lang='lat' dir='ltr'><strong>intercidisse</strong></span> <span class='ocrx_word' id='word_1_96' title='bbox 1054 1449 1216 1535; x_wconf 87' lang='lat' dir='ltr'><strong>suspicor,</strong></span> <span class='ocrx_word' id='word_1_97' title='bbox 1254 1457 1290 1516; x_wconf 90' lang='lat' dir='ltr'><strong>nt</strong></span> <span class='ocrx_word' id='word_1_98' title='bbox 1322 1457 1385 1516; x_wconf 85' lang='lat' dir='ltr'><strong>tota</strong></span> 
     </span>
     <span class='ocr_line' id='line_1_12' title="bbox 253 1546 1385 1637; baseline -0.004 -18"><span class='ocrx_word' id='word_1_99' title='bbox 253 1553 472 1636; x_wconf 80' lang='lat' dir='ltr'><strong>exemplorum</strong></span> <span class='ocrx_word' id='word_1_100' title='bbox 494 1551 595 1617; x_wconf 77' lang='lat' dir='ltr'><strong>series</strong></span> <span class='ocrx_word' id='word_1_101' title='bbox 617 1551 664 1618; x_wconf 83' lang='lat' dir='ltr'><strong>ito</strong></span> <span class='ocrx_word' id='word_1_102' title='bbox 686 1550 754 1618; x_wconf 81' lang='lat' dir='ltr'><strong>toro</strong></span> <span class='ocrx_word' id='word_1_103' title='bbox 777 1551 1000 1618; x_wconf 75' lang='lat' dir='ltr'><strong>constituatur:</strong></span> <span class='ocrx_word' id='word_1_104' title='bbox 1033 1550 1073 1616; x_wconf 79' lang='grc' dir='ltr'><em>αῖ</em></span> <span class='ocrx_word' id='word_1_105' title='bbox 1092 1547 1124 1616; x_wconf 82' lang='grc' dir='ltr'><em>τ’</em></span> <span class='ocrx_word' id='word_1_106' title='bbox 1149 1546 1251 1637; x_wconf 82' lang='grc' dir='ltr'><em>ἀρχαὶ</em></span> <span class='ocrx_word' id='word_1_107' title='bbox 1274 1555 1331 1617; x_wconf 81' lang='grc' dir='ltr'><em>καὶ</em></span> <span class='ocrx_word' id='word_1_108' title='bbox 1352 1551 1385 1616; x_wconf 79' lang='grc' dir='ltr'><em>αἱ</em></span> 
     </span>
     <span class='ocr_line' id='line_1_13' title="bbox 252 1647 1385 1745; baseline -0.002 -24"><span class='ocrx_word' id='word_1_109' title='bbox 252 1654 418 1742; x_wconf 75' lang='grc' dir='ltr'><em>ἐπιφοραὶ</em></span> <span class='ocrx_word' id='word_1_110' title='bbox 440 1657 596 1719; x_wconf 77' lang='grc' dir='ltr'><em>τοιαῦταί</em></span> <span class='ocrx_word' id='word_1_111' title='bbox 617 1651 719 1720; x_wconf 82' lang='grc' dir='ltr'><em>εἰσιν·</em></span> <span class='ocrx_word' id='word_1_112' title='bbox 753 1651 785 1717; x_wconf 85' lang='grc' dir='ltr'><em>οἱ</em></span> <span class='ocrx_word' id='word_1_113' title='bbox 807 1651 973 1739; x_wconf 82' lang='grc' dir='ltr'><em>μὲνγὰρ,</em></span> <span class='ocrx_word' id='word_1_114' title='bbox 1001 1647 1094 1740; x_wconf 86' lang='grc' dir='ltr'><em>ἡμεῖς</em></span> <span class='ocrx_word' id='word_1_115' title='bbox 1116 1655 1163 1736; x_wconf 78' lang='grc' dir='ltr'><em>δὲ,</em></span> <span class='ocrx_word' id='word_1_116' title='bbox 1183 1654 1308 1745; x_wconf 87' lang='grc' dir='ltr'><em>&lt;καὶ·&gt;</em></span> <span class='ocrx_word' id='word_1_117' title='bbox 1328 1650 1385 1720; x_wconf 84' lang='grc' dir='ltr'><em>κά-</em></span> 
     </span>
     <span class='ocr_line' id='line_1_14' title="bbox 251 1750 1383 1846; baseline -0.001 -21"><span class='ocrx_word' id='word_1_118' title='bbox 251 1771 356 1825; x_wconf 90' lang='grc' dir='ltr'><em>κεῖνοι</em></span> <span class='ocrx_word' id='word_1_119' title='bbox 372 1756 479 1844; x_wconf 79' lang='grc' dir='ltr'><em>(μὲν,</em></span> <span class='ocrx_word' id='word_1_120' title='bbox 507 1750 629 1844; x_wconf 86' lang='grc' dir='ltr'><em>ἡμεῖς</em></span> <span class='ocrx_word' id='word_1_121' title='bbox 652 1755 723 1846; x_wconf 75' lang='grc' dir='ltr'><em>δὲ),</em></span> <span class='ocrx_word' id='word_1_122' title='bbox 750 1757 821 1822; x_wconf 87' lang='grc' dir='ltr'><em>καὶ·</em></span> <span class='ocrx_word' id='word_1_123' title='bbox 848 1754 924 1823; x_wconf 87' lang='grc' dir='ltr'><em>τότε</em></span> <span class='ocrx_word' id='word_1_124' title='bbox 946 1757 1019 1840; x_wconf 80' lang='grc' dir='ltr'><em>μὲν,</em></span> <span class='ocrx_word' id='word_1_125' title='bbox 1045 1765 1108 1825; x_wconf 84' lang='grc' dir='ltr'><em>νῦν</em></span> <span class='ocrx_word' id='word_1_126' title='bbox 1129 1758 1176 1840; x_wconf 81' lang='grc' dir='ltr'><em>δὲ,</em></span> <span class='ocrx_word' id='word_1_127' title='bbox 1203 1761 1279 1824; x_wconf 84' lang='grc' dir='ltr'><em>καὶ·</em></span> <span class='ocrx_word' id='word_1_128' title='bbox 1306 1754 1383 1824; x_wconf 79' lang='grc' dir='ltr'><em>ὅσον</em></span> 
     </span>
     <span class='ocr_line' id='line_1_15' title="bbox 251 1854 1089 1948; baseline -0.001 -21"><span class='ocrx_word' id='word_1_129' title='bbox 251 1861 284 1928; x_wconf 76' lang='grc' dir='ltr'><em>οἱ</em></span> <span class='ocrx_word' id='word_1_130' title='bbox 305 1861 377 1946; x_wconf 83' lang='grc' dir='ltr'><em>μὲν,</em></span> <span class='ocrx_word' id='word_1_131' title='bbox 406 1854 500 1948; x_wconf 90' lang='grc' dir='ltr'><em>ἡμεῖς</em></span> <span class='ocrx_word' id='word_1_132' title='bbox 522 1860 569 1942; x_wconf 79' lang='grc' dir='ltr'><em>δὲ,</em></span> <span class='ocrx_word' id='word_1_133' title='bbox 596 1860 669 1924; x_wconf 77' lang='grc' dir='ltr'><em>καὶ·</em></span> <span class='ocrx_word' id='word_1_134' title='bbox 697 1860 891 1943; x_wconf 79' lang='grc' dir='ltr'><em>τοῦτομὲν,</em></span> <span class='ocrx_word' id='word_1_135' title='bbox 918 1867 1017 1926; x_wconf 86' lang='grc' dir='ltr'><em>τοῦτο</em></span> <span class='ocrx_word' id='word_1_136' title='bbox 1041 1861 1089 1926; x_wconf 78' lang='grc' dir='ltr'><em>δέ.</em></span> 
     </span>
    </p>

    <p class='ocr_par' dir='ltr' id='par_1_5' title="bbox 250 1957 1383 2564">
     <span class='ocr_line' id='line_1_16' title="bbox 336 1957 1382 2052; baseline 0 -24"><span class='ocrx_word' id='word_1_137' title='bbox 336 1987 368 2051; x_wconf 88' lang='lat' dir='ltr'><em>p.</em></span> <span class='ocrx_word' id='word_1_138' title='bbox 391 1967 515 2030; x_wconf 78' lang='lat' dir='ltr'><strong>1022oss</strong></span> <span class='ocrx_word' id='word_1_139' title='bbox 537 1967 727 2050; x_wconf 83' lang='grc' dir='ltr'><em>Διαφέρειν</em></span> <span class='ocrx_word' id='word_1_140' title='bbox 746 1957 846 2030; x_wconf 77' lang='grc' dir='ltr'><em>οὐδὲν</em></span> <span class='ocrx_word' id='word_1_141' title='bbox 862 1962 995 2049; x_wconf 78' lang='grc' dir='ltr'><em>ἐμαυτῷ</em></span> <span class='ocrx_word' id='word_1_142' title='bbox 1010 1964 1098 2029; x_wconf 82' lang='grc' dir='ltr'><em>δοκῶ</em></span> <span class='ocrx_word' id='word_1_143' title='bbox 1112 1971 1179 2030; x_wconf 86' lang='grc' dir='ltr'><em>τῶν</em></span> <span class='ocrx_word' id='word_1_144' title='bbox 1194 1963 1236 2030; x_wconf 87' lang='grc' dir='ltr'><em>τὰ</em></span> <span class='ocrx_word' id='word_1_145' title='bbox 1250 1972 1382 2052; x_wconf 80' lang='grc' dir='ltr'><em>μητρῷα</em></span> 
     </span>
     <span class='ocr_line' id='line_1_17' title="bbox 250 2061 1383 2151; baseline -0.004 -18"><span class='ocrx_word' id='word_1_146' title='bbox 250 2069 307 2133; x_wconf 86' lang='grc' dir='ltr'><em>καὶ</em></span> <span class='ocrx_word' id='word_1_147' title='bbox 335 2064 377 2131; x_wconf 83' lang='grc' dir='ltr'><em>τὰ</em></span> <span class='ocrx_word' id='word_1_148' title='bbox 406 2065 631 2151; x_wconf 77' lang='grc' dir='ltr'><em>κορυβαντικὰ</em></span> <span class='ocrx_word' id='word_1_149' title='bbox 664 2118 669 2131; x_wconf 96' lang='grc'>.</span> <span class='ocrx_word' id='word_1_150' title='bbox 699 2117 705 2130; x_wconf 90' lang='grc'><em>.</em></span> <span class='ocrx_word' id='word_1_151' title='bbox 734 2117 740 2130; x_wconf 93' lang='grc'><strong>.</strong></span> <span class='ocrx_word' id='word_1_152' title='bbox 767 2067 992 2150; x_wconf 80' lang='grc' dir='ltr'><em>τελουμένων,</em></span> <span class='ocrx_word' id='word_1_153' title='bbox 1025 2061 1088 2133; x_wconf 78' lang='grc' dir='ltr'><em>εἴτ’</em></span> <span class='ocrx_word' id='word_1_154' title='bbox 1114 2061 1238 2150; x_wconf 81' lang='grc' dir='ltr'><em>ὀσμαῖς</em></span> <span class='ocrx_word' id='word_1_155' title='bbox 1267 2067 1383 2134; x_wconf 78' lang='grc' dir='ltr'><em>ἐκεῖνοί</em></span> 
     </span>
     <span class='ocr_line' id='line_1_18' title="bbox 250 2163 1381 2258; baseline -0.003 -21"><span class='ocrx_word' id='word_1_156' title='bbox 250 2195 286 2256; x_wconf 85' lang='lat' dir='ltr'><strong>ys</strong></span> <span class='ocrx_word' id='word_1_157' title='bbox 310 2163 371 2236; x_wconf 76' lang='grc' dir='ltr'><em>εἴτ’</em></span> <span class='ocrx_word' id='word_1_158' title='bbox 390 2165 484 2258; x_wconf 84' lang='grc' dir='ltr'><em>ἡχοις</em></span> <span class='ocrx_word' id='word_1_159' title='bbox 507 2169 572 2235; x_wconf 74' lang='grc' dir='ltr'><em>εἴτε</em></span> <span class='ocrx_word' id='word_1_160' title='bbox 596 2176 662 2235; x_wconf 78' lang='grc' dir='ltr'><em>τῶν</em></span> <span class='ocrx_word' id='word_1_161' title='bbox 684 2166 857 2251; x_wconf 78' lang='grc' dir='ltr'><em>δαιμόνων</em></span> <span class='ocrx_word' id='word_1_162' title='bbox 878 2167 1049 2253; x_wconf 84' lang='grc' dir='ltr'><em>πνεύματι</em></span> <span class='ocrx_word' id='word_1_163' title='bbox 1076 2164 1168 2256; x_wconf 79' lang='grc' dir='ltr'><em>αὐτῷ</em></span> <span class='ocrx_word' id='word_1_164' title='bbox 1197 2170 1381 2254; x_wconf 83' lang='grc' dir='ltr'><em>κινούμενοι</em></span> 
     </span>
     <span class='ocr_line' id='line_1_19' title="bbox 250 2270 1382 2361; baseline 0 -22"><span class='ocrx_word' id='word_1_165' title='bbox 250 2271 311 2351; x_wconf 85' lang='grc' dir='ltr'><em>τὰς</em></span> <span class='ocrx_word' id='word_1_166' title='bbox 333 2271 489 2350; x_wconf 82' lang='grc' dir='ltr'><em>πολλὰς.</em></span> <span class='ocrx_word' id='word_1_167' title='bbox 512 2323 518 2336; x_wconf 92' lang='grc'><em>.</em></span> <span class='ocrx_word' id='word_1_168' title='bbox 540 2325 546 2338; x_wconf 93' lang='grc'><strong>.</strong></span> <span class='ocrx_word' id='word_1_169' title='bbox 572 2270 785 2356; x_wconf 72' lang='grc' dir='ltr'><em>λαμβάνουσι</em></span> <span class='ocrx_word' id='word_1_170' title='bbox 808 2278 1011 2361; x_wconf 80' lang='grc' dir='ltr'><em>φαντασίας.</em></span> <span class='ocrx_word' id='word_1_171' title='bbox 1051 2275 1113 2340; x_wconf 89' lang='lat' dir='ltr'><em>Pro</em></span> <span class='ocrx_word' id='word_1_172' title='bbox 1136 2281 1202 2340; x_wconf 82' lang='grc' dir='ltr'><em>τῶν</em></span> <span class='ocrx_word' id='word_1_173' title='bbox 1216 2272 1382 2358; x_wconf 79' lang='grc' dir='ltr'><em>δαιμόνων</em></span> 
     </span>
     <span class='ocr_line' id='line_1_20' title="bbox 251 2370 1381 2462; baseline 0 -20"><span class='ocrx_word' id='word_1_174' title='bbox 251 2375 422 2462; x_wconf 79' lang='grc' dir='ltr'><em>πνεύματι</em></span> <span class='ocrx_word' id='word_1_175' title='bbox 451 2370 542 2462; x_wconf 78' lang='grc' dir='ltr'><em>αὐτῷ</em></span> <span class='ocrx_word' id='word_1_176' title='bbox 568 2376 735 2460; x_wconf 84' lang='lat' dir='ltr'><strong>flagitante</strong></span> <span class='ocrx_word' id='word_1_177' title='bbox 763 2377 974 2461; x_wconf 79' lang='lat' dir='ltr'><strong>grammatica</strong></span> <span class='ocrx_word' id='word_1_178' title='bbox 997 2377 1119 2444; x_wconf 85' lang='lat' dir='ltr'><strong>scribas</strong></span> <span class='ocrx_word' id='word_1_179' title='bbox 1142 2385 1194 2462; x_wconf 82' lang='grc' dir='ltr'><em>τῷ</em></span> <span class='ocrx_word' id='word_1_180' title='bbox 1217 2376 1381 2461; x_wconf 81' lang='grc' dir='ltr'><em>δαιμόνων</em></span> 
     </span>
     <span class='ocr_line' id='line_1_21' title="bbox 251 2472 545 2564; baseline -0.007 -19"><span class='ocrx_word' id='word_1_181' title='bbox 251 2477 421 2563; x_wconf 83' lang='grc' dir='ltr'><em>πνεύματι</em></span> <span class='ocrx_word' id='word_1_182' title='bbox 442 2472 545 2564; x_wconf 79' lang='grc' dir='ltr'><em>αὐτῷ.</em></span> 
     </span>
    </p>

    <p class='ocr_par' dir='ltr' id='par_1_6' title="bbox 251 2576 1379 2774">
     <span class='ocr_line' id='line_1_22' title="bbox 337 2576 1379 2669; baseline 0.001 -23"><span class='ocrx_word' id='word_1_183' title='bbox 337 2604 370 2668; x_wconf 88' lang='lat' dir='ltr'><em>p.</em></span> <span class='ocrx_word' id='word_1_184' title='bbox 391 2586 517 2648; x_wconf 83' lang='lat' dir='ltr'><strong>102&#39;Ioss</strong></span> <span class='ocrx_word' id='word_1_185' title='bbox 536 2576 698 2667; x_wconf 80' lang='grc' dir='ltr'><em>Ἐγκώμια</em></span> <span class='ocrx_word' id='word_1_186' title='bbox 722 2576 755 2648; x_wconf 78' lang='grc' dir='ltr'><em>δ’</em></span> <span class='ocrx_word' id='word_1_187' title='bbox 775 2580 811 2648; x_wconf 72' lang='grc' dir='ltr'><em>ἐν</em></span> <span class='ocrx_word' id='word_1_188' title='bbox 834 2589 879 2668; x_wconf 81' lang='grc' dir='ltr'><em>τῷ</em></span> <span class='ocrx_word' id='word_1_189' title='bbox 902 2588 1082 2668; x_wconf 82' lang='grc' dir='ltr'><em>συμποσίῳ</em></span> <span class='ocrx_word' id='word_1_190' title='bbox 1099 2583 1212 2650; x_wconf 81' lang='grc' dir='ltr'><em>πολλὰ</em></span> <span class='ocrx_word' id='word_1_191' title='bbox 1225 2585 1289 2667; x_wconf 81' lang='grc' dir='ltr'><em>μὲν</em></span> <span class='ocrx_word' id='word_1_192' title='bbox 1304 2584 1379 2669; x_wconf 71' lang='grc' dir='ltr'><em>ἔρω-</em></span> 
     </span>
     <span class='ocr_line' id='line_1_23' title="bbox 251 2677 1377 2774; baseline 0 -21"><span class='ocrx_word' id='word_1_193' title='bbox 251 2712 317 2769; x_wconf 88' lang='grc' dir='ltr'><em>τος,</em></span> <span class='ocrx_word' id='word_1_194' title='bbox 345 2677 392 2752; x_wconf 86' lang='grc' dir='ltr'><em>ὧν</em></span> <span class='ocrx_word' id='word_1_195' title='bbox 415 2686 489 2752; x_wconf 72' lang='grc' dir='ltr'><em>ἔνιοι</em></span> <span class='ocrx_word' id='word_1_196' title='bbox 512 2679 572 2752; x_wconf 82' lang='grc' dir='ltr'><em>οὐκ</em></span> <span class='ocrx_word' id='word_1_197' title='bbox 595 2683 673 2766; x_wconf 72' lang='grc' dir='ltr'><em>ἄξια</em></span> <span class='ocrx_word' id='word_1_198' title='bbox 697 2686 848 2774; x_wconf 83' lang='grc' dir='ltr'><em>σπουδὴς</em></span> <span class='ocrx_word' id='word_1_199' title='bbox 870 2681 948 2754; x_wconf 77' lang='grc' dir='ltr'><em>οὐδὲ</em></span> <span class='ocrx_word' id='word_1_200' title='bbox 972 2685 1181 2774; x_wconf 76' lang='grc' dir='ltr'><em>Σωκράτους,</em></span> <span class='ocrx_word' id='word_1_201' title='bbox 1208 2683 1331 2754; x_wconf 82' lang='grc' dir='ltr'><em>ὁποῖον</em></span> <span class='ocrx_word' id='word_1_202' title='bbox 1345 2687 1377 2774; x_wconf 76' lang='grc' dir='ltr'><em>δὴ</em></span> 
     </span>
    </p>
   </div>
   <div class='ocr_carea' id='block_1_5' title="bbox 252 2784 1467 2888">
    <p class='ocr_par' dir='ltr' id='par_1_7' title="bbox 252 2784 1467 2888">
     <span class='ocr_line' id='line_1_24' title="bbox 252 2784 1467 2888; baseline 0.001 -33"><span class='ocrx_word' id='word_1_203' title='bbox 252 2816 346 2857; x_wconf 86' lang='grc' dir='ltr'><em>ποτε.</em></span> <span class='ocrx_word' id='word_1_204' title='bbox 380 2784 487 2856; x_wconf 73' lang='grc' dir='ltr'><em>οὐθὲν</em></span> <span class='ocrx_word' id='word_1_205' title='bbox 516 2787 579 2875; x_wconf 83' lang='grc' dir='ltr'><em>γὰρ</em></span> <span class='ocrx_word' id='word_1_206' title='bbox 609 2790 740 2873; x_wconf 83' lang='grc' dir='ltr'><em>δέομαι.</em></span> <span class='ocrx_word' id='word_1_207' title='bbox 782 2797 844 2857; x_wconf 85' lang='grc' dir='ltr'><em>νῦν</em></span> <span class='ocrx_word' id='word_1_208' title='bbox 876 2790 912 2856; x_wconf 79' lang='grc' dir='ltr'><em>δὲ</em></span> <span class='ocrx_word' id='word_1_209' title='bbox 942 2791 1023 2876; x_wconf 83' lang='grc' dir='ltr'><em>περὶ</em></span> <span class='ocrx_word' id='word_1_210' title='bbox 1057 2790 1180 2858; x_wconf 81' lang='grc' dir='ltr'><em>τούτου</em></span> <span class='ocrx_word' id='word_1_211' title='bbox 1210 2794 1318 2877; x_wconf 78' lang='grc' dir='ltr'><em>λέγειν</em></span> <span class='ocrx_word' id='word_1_212' title='bbox 1338 2793 1375 2857; x_wconf 82' lang='grc' dir='ltr'><em>Μ.</em></span> <span class='ocrx_word' id='word_1_213' title='bbox 1466 2851 1467 2888; x_wconf 49' lang='lat'>3</span> 
     </span>
    </p>
   </div>
   <div class='ocr_carea' id='block_1_6' title="bbox 249 2893 1377 4324">
    <p class='ocr_par' dir='ltr' id='par_1_8' title="bbox 250 2893 1377 3495">
     <span class='ocr_line' id='line_1_25' title="bbox 253 2893 1377 2982; baseline 0.004 -26"><span class='ocrx_word' id='word_1_214' title='bbox 253 2895 358 2961; x_wconf 80' lang='lat' dir='ltr'><strong>Verba</strong></span> <span class='ocrx_word' id='word_1_215' title='bbox 379 2901 526 2979; x_wconf 76' lang='lat' dir='ltr'><strong>corrupta</strong></span> <span class='ocrx_word' id='word_1_216' title='bbox 548 2902 632 2960; x_wconf 91' lang='lat' dir='ltr'><strong>sunt.</strong></span> <span class='ocrx_word' id='word_1_217' title='bbox 678 2893 844 2961; x_wconf 81' lang='lat' dir='ltr'><strong>Intercidit</strong></span> <span class='ocrx_word' id='word_1_218' title='bbox 871 2897 952 2979; x_wconf 88' lang='lat' dir='ltr'><strong>(post</strong></span> <span class='ocrx_word' id='word_1_219' title='bbox 980 2894 1139 2982; x_wconf 75' lang='grc' dir='ltr'><em>σπουδῆς)</em></span> <span class='ocrx_word' id='word_1_220' title='bbox 1167 2897 1377 2962; x_wconf 84' lang='lat' dir='ltr'><strong>mombrumu</strong></span> 
     </span>
     <span class='ocr_line' id='line_1_26' title="bbox 250 2994 1377 3082; baseline 0.002 -20"><span class='ocrx_word' id='word_1_221' title='bbox 250 2999 356 3064; x_wconf 89' lang='lat' dir='ltr'><strong>verbis</strong></span> <span class='ocrx_word' id='word_1_222' title='bbox 378 2994 491 3064; x_wconf 81' lang='grc' dir='ltr'><em>πολλὰ</em></span> <span class='ocrx_word' id='word_1_223' title='bbox 513 2997 549 3062; x_wconf 78' lang='grc' dir='ltr'><em>δὲ</em></span> <span class='ocrx_word' id='word_1_224' title='bbox 571 2997 740 3082; x_wconf 84' lang='lat' dir='ltr'><strong>incipiens,</strong></span> <span class='ocrx_word' id='word_1_225' title='bbox 765 3017 828 3080; x_wconf 86' lang='lat' dir='ltr'><em>quo</em></span> <span class='ocrx_word' id='word_1_226' title='bbox 850 2997 1052 3064; x_wconf 77' lang='lat' dir='ltr'><strong>laudationes</strong></span> <span class='ocrx_word' id='word_1_227' title='bbox 1066 2999 1100 3063; x_wconf 93' lang='lat' dir='ltr'><em>iu</em></span> <span class='ocrx_word' id='word_1_228' title='bbox 1117 2998 1280 3066; x_wconf 81' lang='lat' dir='ltr'><strong>Socratem</strong></span> <span class='ocrx_word' id='word_1_229' title='bbox 1299 3020 1377 3066; x_wconf 90' lang='lat' dir='ltr'><strong>com-</strong></span> 
     </span>
     <span class='ocr_line' id='line_1_27' title="bbox 251 3096 1375 3186; baseline 0 -20"><span class='ocrx_word' id='word_1_230' title='bbox 251 3101 518 3168; x_wconf 83' lang='lat' dir='ltr'><strong>memorabantur.</strong></span> <span class='ocrx_word' id='word_1_231' title='bbox 574 3101 616 3167; x_wconf 93' lang='lat' dir='ltr'><strong>Ut</strong></span> <span class='ocrx_word' id='word_1_232' title='bbox 645 3100 679 3166; x_wconf 91' lang='lat' dir='ltr'><em>in</em></span> <span class='ocrx_word' id='word_1_233' title='bbox 706 3102 776 3167; x_wconf 88' lang='lat' dir='ltr'><strong>loco</strong></span> <span class='ocrx_word' id='word_1_234' title='bbox 805 3099 959 3167; x_wconf 80' lang='lat' dir='ltr'><strong>mendoso</strong></span> <span class='ocrx_word' id='word_1_235' title='bbox 988 3101 1029 3168; x_wconf 87' lang='lat' dir='ltr'><em>do</em></span> <span class='ocrx_word' id='word_1_236' title='bbox 1059 3102 1166 3169; x_wconf 84' lang='lat' dir='ltr'><strong>vorbis</strong></span> <span class='ocrx_word' id='word_1_237' title='bbox 1196 3096 1319 3168; x_wconf 85' lang='grc' dir='ltr'><em>ὁποῖον</em></span> <span class='ocrx_word' id='word_1_238' title='bbox 1344 3099 1375 3186; x_wconf 75' lang='grc' dir='ltr'><em>δὴ</em></span> 
     </span>
     <span class='ocr_line' id='line_1_28' title="bbox 252 3203 1377 3288; baseline 0.003 -19"><span class='ocrx_word' id='word_1_239' title='bbox 252 3227 335 3271; x_wconf 83' lang='grc' dir='ltr'><em>ποτε</em></span> <span class='ocrx_word' id='word_1_240' title='bbox 369 3205 447 3270; x_wconf 87' lang='lat' dir='ltr'><strong>certi</strong></span> <span class='ocrx_word' id='word_1_241' title='bbox 477 3203 645 3288; x_wconf 87' lang='lat' dir='ltr'><strong>quicquam</strong></span> <span class='ocrx_word' id='word_1_242' title='bbox 679 3205 775 3270; x_wconf 80' lang='lat' dir='ltr'><strong>stanni</strong></span> <span class='ocrx_word' id='word_1_243' title='bbox 809 3203 927 3287; x_wconf 84' lang='lat' dir='ltr'><strong>nequit.</strong></span> <span class='ocrx_word' id='word_1_244' title='bbox 981 3205 1130 3271; x_wconf 85' lang='lat' dir='ltr'><strong>Proxima</strong></span> <span class='ocrx_word' id='word_1_245' title='bbox 1162 3207 1208 3271; x_wconf 91' lang='lat' dir='ltr'><strong>ita</strong></span> <span class='ocrx_word' id='word_1_246' title='bbox 1240 3206 1377 3272; x_wconf 85' lang='lat' dir='ltr'><strong>videntur</strong></span> 
     </span>
     <span class='ocr_line' id='line_1_29' title="bbox 252 3300 1377 3392; baseline -0.001 -19"><span class='ocrx_word' id='word_1_247' title='bbox 252 3307 390 3390; x_wconf 78' lang='lat' dir='ltr'><strong>legenda</strong></span> <span class='ocrx_word' id='word_1_248' title='bbox 428 3326 519 3374; x_wconf 81' lang='lat' dir='ltr'><strong>esse:</strong></span> <span class='ocrx_word' id='word_1_249' title='bbox 571 3300 677 3372; x_wconf 69' lang='grc' dir='ltr'><em>οὐθὲν</em></span> <span class='ocrx_word' id='word_1_250' title='bbox 716 3303 780 3392; x_wconf 82' lang='grc' dir='ltr'><em>γὰρ</em></span> <span class='ocrx_word' id='word_1_251' title='bbox 821 3306 941 3390; x_wconf 82' lang='grc' dir='ltr'><em>δέομαι</em></span> <span class='ocrx_word' id='word_1_252' title='bbox 980 3314 1042 3373; x_wconf 84' lang='grc' dir='ltr'><em>νῦν</em></span> <span class='ocrx_word' id='word_1_253' title='bbox 1074 3333 1110 3392; x_wconf 78' lang='grc' dir='ltr'><em>γε</em></span> <span class='ocrx_word' id='word_1_254' title='bbox 1145 3309 1225 3392; x_wconf 85' lang='grc' dir='ltr'><em>περὶ</em></span> <span class='ocrx_word' id='word_1_255' title='bbox 1268 3307 1377 3376; x_wconf 75' lang='grc' dir='ltr'><em>τούτοιν</em></span> 
     </span>
     <span class='ocr_line' id='line_1_30' title="bbox 252 3412 370 3495; baseline -0.017 -20"><span class='ocrx_word' id='word_1_256' title='bbox 252 3412 370 3495; x_wconf 71' lang='grc' dir='ltr'><em>λέγειν.</em></span> 
     </span>
    </p>

    <p class='ocr_par' dir='ltr' id='par_1_9' title="bbox 249 3507 1377 4324">
     <span class='ocr_line' id='line_1_31' title="bbox 336 3507 1377 3602; baseline 0.002 -26"><span class='ocrx_word' id='word_1_257' title='bbox 336 3535 369 3598; x_wconf 91' lang='lat' dir='ltr'><em>p.</em></span> <span class='ocrx_word' id='word_1_258' title='bbox 390 3517 530 3578; x_wconf 75' lang='lat' dir='ltr'><strong>10281css</strong></span> <span class='ocrx_word' id='word_1_259' title='bbox 555 3507 610 3578; x_wconf 83' lang='grc' dir='ltr'><em>Ἕν</em></span> <span class='ocrx_word' id='word_1_260' title='bbox 636 3508 703 3597; x_wconf 76' lang='grc' dir='ltr'><em>μὰρ</em></span> <span class='ocrx_word' id='word_1_261' title='bbox 734 3520 781 3598; x_wconf 78' lang='grc' dir='ltr'><em>τῷ</em></span> <span class='ocrx_word' id='word_1_262' title='bbox 809 3511 922 3579; x_wconf 87' lang='grc' dir='ltr'><em>πάντα</em></span> <span class='ocrx_word' id='word_1_263' title='bbox 951 3511 993 3578; x_wconf 84' lang='grc' dir='ltr'><em>τὰ</em></span> <span class='ocrx_word' id='word_1_264' title='bbox 1023 3513 1239 3602; x_wconf 88' lang='grc' dir='ltr'><em>προσὴκοντα</em></span> <span class='ocrx_word' id='word_1_265' title='bbox 1269 3520 1377 3602; x_wconf 77' lang='grc' dir='ltr'><em>σφίσιν</em></span> 
     </span>
     <span class='ocr_line' id='line_1_32' title="bbox 251 3611 1375 3704; baseline -0.004 -22"><span class='ocrx_word' id='word_1_266' title='bbox 251 3611 366 3692; x_wconf 80' lang='grc' dir='ltr'><em>αὐτοῖς</em></span> <span class='ocrx_word' id='word_1_267' title='bbox 390 3615 478 3698; x_wconf 82' lang='grc' dir='ltr'><em>’ἐχειν</em></span> <span class='ocrx_word' id='word_1_268' title='bbox 500 3613 578 3692; x_wconf 85' lang='grc' dir='ltr'><em>τοὺς</em></span> <span class='ocrx_word' id='word_1_269' title='bbox 601 3620 844 3698; x_wconf 78' lang='grc' dir='ltr'><em>θαπτομένους</em></span> <span class='ocrx_word' id='word_1_270' title='bbox 867 3614 945 3703; x_wconf 79' lang='grc' dir='ltr'><em>ἒνὴν</em></span> <span class='ocrx_word' id='word_1_271' title='bbox 967 3617 1023 3681; x_wconf 80' lang='grc' dir='ltr'><em>καὶ</em></span> <span class='ocrx_word' id='word_1_272' title='bbox 1046 3615 1083 3682; x_wconf 86' lang='grc' dir='ltr'><em>τὸ</em></span> <span class='ocrx_word' id='word_1_273' title='bbox 1112 3623 1375 3704; x_wconf 71' lang='grc' dir='ltr'><em>προπεμφθῆναι</em></span> 
     </span>
     <span class='ocr_line' id='line_1_33' title="bbox 251 3712 1376 3807; baseline -0.001 -24"><span class='ocrx_word' id='word_1_274' title='bbox 251 3717 292 3784; x_wconf 82' lang='grc' dir='ltr'><em>τὰ</em></span> <span class='ocrx_word' id='word_1_275' title='bbox 315 3712 443 3801; x_wconf 79' lang='grc' dir='ltr'><em>σώματ’</em></span> <span class='ocrx_word' id='word_1_276' title='bbox 462 3712 573 3784; x_wconf 81' lang='grc' dir='ltr'><em>αὐτῶν</em></span> <span class='ocrx_word' id='word_1_277' title='bbox 596 3716 654 3783; x_wconf 80' lang='grc' dir='ltr'><em>ἐπὶ</em></span> <span class='ocrx_word' id='word_1_278' title='bbox 676 3716 736 3795; x_wconf 87' lang='grc' dir='ltr'><em>τὰς</em></span> <span class='ocrx_word' id='word_1_279' title='bbox 751 3717 864 3805; x_wconf 84' lang='grc' dir='ltr'><em>ταφὰς</em></span> <span class='ocrx_word' id='word_1_280' title='bbox 880 3719 1026 3807; x_wconf 76' lang='grc' dir='ltr'><em>δημοσίᾳ</em></span> <span class='ocrx_word' id='word_1_281' title='bbox 1042 3744 1076 3785; x_wconf 89' lang='grc' dir='ltr'><em>τε</em></span> <span class='ocrx_word' id='word_1_282' title='bbox 1092 3721 1150 3784; x_wconf 88' lang='grc' dir='ltr'><em>καὶ</em></span> <span class='ocrx_word' id='word_1_283' title='bbox 1167 3718 1247 3807; x_wconf 76' lang='grc' dir='ltr'><strong><em>ἰδίᾳ,</em></strong></span> <span class='ocrx_word' id='word_1_284' title='bbox 1266 3716 1344 3785; x_wconf 84' lang='grc' dir='ltr'><em>ὥστε</em></span> <span class='ocrx_word' id='word_1_285' title='bbox 1359 3712 1376 3782; x_wconf 79' lang='grc' dir='ltr'>ἀ</span> 
     </span>
     <span class='ocr_line' id='line_1_34' title="bbox 250 3817 1375 3908; baseline -0.004 -20"><span class='ocrx_word' id='word_1_286' title='bbox 250 3825 313 3890; x_wconf 84' lang='lat' dir='ltr'><strong>lao.</strong></span> <span class='ocrx_word' id='word_1_287' title='bbox 340 3825 423 3888; x_wconf 86' lang='grc'><em>6-7</em></span> <span class='ocrx_word' id='word_1_288' title='bbox 440 3821 501 3887; x_wconf 86' lang='lat' dir='ltr'><strong>titt.</strong></span> <span class='ocrx_word' id='word_1_289' title='bbox 528 3829 594 3887; x_wconf 83' lang='grc' dir='ltr'><em>τιῖιν</em></span> <span class='ocrx_word' id='word_1_290' title='bbox 617 3823 696 3907; x_wconf 83' lang='grc' dir='ltr'><em>περὶ</em></span> <span class='ocrx_word' id='word_1_291' title='bbox 719 3819 779 3898; x_wconf 82' lang='grc' dir='ltr'><em>τὰς</em></span> <span class='ocrx_word' id='word_1_292' title='bbox 800 3821 914 3908; x_wconf 83' lang='grc' dir='ltr'><em>ταφὰς</em></span> <span class='ocrx_word' id='word_1_293' title='bbox 935 3827 1089 3905; x_wconf 71' lang='grc' dir='ltr'><em>νομίμων</em></span> <span class='ocrx_word' id='word_1_294' title='bbox 1111 3831 1211 3889; x_wconf 84' lang='grc' dir='ltr'><em>τοῦτο</em></span> <span class='ocrx_word' id='word_1_295' title='bbox 1234 3817 1375 3904; x_wconf 79' lang='grc' dir='ltr'><em>ὑπελάμ-</em></span> 
     </span>
     <span class='ocr_line' id='line_1_35' title="bbox 249 3919 1375 4014; baseline -0.002 -22"><span class='ocrx_word' id='word_1_296' title='bbox 249 3933 354 4009; x_wconf 66' lang='grc' dir='ltr'><em>βανεν</em></span> <span class='ocrx_word' id='word_1_297' title='bbox 377 3920 394 3992; x_wconf 82' lang='grc' dir='ltr'><em>ὁ</em></span> <span class='ocrx_word' id='word_1_298' title='bbox 419 3919 502 4014; x_wconf 82' lang='grc' dir='ltr'><em>ἀνὴρ</em></span> <span class='ocrx_word' id='word_1_299' title='bbox 526 3919 625 4004; x_wconf 76' lang='grc' dir='ltr'><em>εἶναι,</em></span> <span class='ocrx_word' id='word_1_300' title='bbox 650 3926 736 4010; x_wconf 72' lang='grc' dir='ltr'><em>λέγω</em></span> <span class='ocrx_word' id='word_1_301' title='bbox 761 3923 800 4012; x_wconf 80' lang='grc' dir='ltr'><em>δὴ</em></span> <span class='ocrx_word' id='word_1_302' title='bbox 824 3923 861 3991; x_wconf 86' lang='grc' dir='ltr'><em>τὸ</em></span> <span class='ocrx_word' id='word_1_303' title='bbox 885 3939 1048 4012; x_wconf 90' lang='grc' dir='ltr'><em>παρεῖναι</em></span> <span class='ocrx_word' id='word_1_304' title='bbox 1070 3923 1218 4005; x_wconf 75' lang='grc' dir='ltr'><em>πολλοὺς</em></span> <span class='ocrx_word' id='word_1_305' title='bbox 1241 3939 1315 4004; x_wconf 85' lang='grc' dir='ltr'><em>ταῖς</em></span> <span class='ocrx_word' id='word_1_306' title='bbox 1331 3925 1375 3991; x_wconf 83' lang='grc' dir='ltr'><em>ἔκ-</em></span> 
     </span>
     <span class='ocr_line' id='line_1_36' title="bbox 250 4015 1376 4116; baseline -0.004 -22"><span class='ocrx_word' id='word_1_307' title='bbox 250 4031 404 4112; x_wconf 82' lang='grc' dir='ltr'><em>κομιδαῑς</em></span> <span class='ocrx_word' id='word_1_308' title='bbox 427 4029 470 4093; x_wconf 90' lang='grc' dir='ltr'><em>Μ.</em></span> <span class='ocrx_word' id='word_1_309' title='bbox 517 4029 608 4107; x_wconf 80' lang='lat' dir='ltr'><strong>Quae</strong></span> <span class='ocrx_word' id='word_1_310' title='bbox 631 4029 725 4112; x_wconf 84' lang='lat' dir='ltr'><strong>volgo</strong></span> <span class='ocrx_word' id='word_1_311' title='bbox 748 4037 819 4113; x_wconf 90' lang='lat' dir='ltr'><strong>post</strong></span> <span class='ocrx_word' id='word_1_312' title='bbox 845 4023 928 4095; x_wconf 79' lang='grc' dir='ltr'><em>ὥστε</em></span> <span class='ocrx_word' id='word_1_313' title='bbox 958 4031 1110 4115; x_wconf 82' lang='lat' dir='ltr'><strong>leguntur</strong></span> <span class='ocrx_word' id='word_1_314' title='bbox 1140 4024 1323 4116; x_wconf 80' lang='grc' dir='ltr'><em>ἀναγκαῖον</em></span> <span class='ocrx_word' id='word_1_315' title='bbox 1343 4015 1376 4114; x_wconf 83' lang='grc' dir='ltr'><em>ἡν</em></span> 
     </span>
     <span class='ocr_line' id='line_1_37' title="bbox 251 4125 1374 4219; baseline 0 -23"><span class='ocrx_word' id='word_1_316' title='bbox 251 4131 356 4198; x_wconf 79' lang='grc' dir='ltr'><em>πάλιν</em></span> <span class='ocrx_word' id='word_1_317' title='bbox 371 4125 473 4197; x_wconf 80' lang='grc' dir='ltr'><em>ταύτὸ</em></span> <span class='ocrx_word' id='word_1_318' title='bbox 490 4133 612 4216; x_wconf 76' lang='grc' dir='ltr'><em>λέγειν·</em></span> <span class='ocrx_word' id='word_1_319' title='bbox 635 4129 665 4196; x_wconf 83' lang='grc' dir='ltr'><em>εἰ</em></span> <span class='ocrx_word' id='word_1_320' title='bbox 679 4128 723 4218; x_wconf 90' lang='grc' dir='ltr'><em>μὴ</em></span> <span class='ocrx_word' id='word_1_321' title='bbox 740 4129 920 4218; x_wconf 84' lang='grc' dir='ltr'><em>κράτιστον</em></span> <span class='ocrx_word' id='word_1_322' title='bbox 937 4183 943 4197; x_wconf 92' lang='grc'><em>.</em></span> <span class='ocrx_word' id='word_1_323' title='bbox 959 4184 985 4198; x_wconf 93' lang='grc'><em>..</em></span> <span class='ocrx_word' id='word_1_324' title='bbox 1005 4153 1077 4200; x_wconf 85' lang='lat' dir='ltr'><strong>saro</strong></span> <span class='ocrx_word' id='word_1_325' title='bbox 1093 4133 1221 4200; x_wconf 84' lang='lat' dir='ltr'><strong>domum</strong></span> <span class='ocrx_word' id='word_1_326' title='bbox 1238 4135 1374 4219; x_wconf 82' lang='lat' dir='ltr'><strong>suppleta</strong></span> 
     </span>
     <span class='ocr_line' id='line_1_38' title="bbox 250 4230 1373 4324; baseline -0.004 -22"><span class='ocrx_word' id='word_1_327' title='bbox 250 4255 322 4303; x_wconf 84' lang='lat' dir='ltr'><strong>osse</strong></span> <span class='ocrx_word' id='word_1_328' title='bbox 339 4235 568 4302; x_wconf 79' lang='lat' dir='ltr'><strong>Ambrosianus</strong></span> <span class='ocrx_word' id='word_1_329' title='bbox 584 4241 750 4302; x_wconf 84' lang='lat' dir='ltr'><strong>monstrat.</strong></span> <span class='ocrx_word' id='word_1_330' title='bbox 791 4237 879 4320; x_wconf 83' lang='lat' dir='ltr'><strong>Lego</strong></span> <span class='ocrx_word' id='word_1_331' title='bbox 894 4230 978 4302; x_wconf 82' lang='grc' dir='ltr'><em>ὥστε</em></span> <span class='ocrx_word' id='word_1_332' title='bbox 995 4233 1054 4324; x_wconf 74' lang='grc' dir='ltr'><em>ἄ&lt;ρ</em></span> <span class='ocrx_word' id='word_1_333' title='bbox 1064 4235 1201 4324; x_wconf 74' lang='lat' dir='ltr'><strong>socon)</strong></span> <span class='ocrx_word' id='word_1_334' title='bbox 1226 4245 1291 4302; x_wconf 77' lang='grc' dir='ltr'><em>ιιῖν</em></span> <span class='ocrx_word' id='word_1_335' title='bbox 1305 4235 1373 4318; x_wconf 77' lang='grc' dir='ltr'><em>περὶ</em></span> 
     </span>
    </p>
   </div>
   <div class='ocr_carea' id='block_1_7' title="bbox 0 0 1496 4884">
    <p class='ocr_par' dir='ltr' id='par_1_10' title="bbox 0 0 1496 4884">
     <span class='ocr_line' id='line_1_39' title="bbox 0 0 1496 4884; baseline 0 2"><span class='ocrx_word' id='word_1_336' title='bbox 0 0 1496 4884; x_wconf 95' lang='lat' dir='ltr'><em> </em></span> 
     </span>
    </p>
   </div>
  </div>
 </body>
</html>
