3048 4898
551 339 771 403 ..17--

175 513 212 598 b)
237 516 269 578 in
293 515 398 598 priore
421 517 611 598 pentametri
635 523 740 600 parte:

105 642 135 684 r.
160 621 206 684 22
229 609 296 686 ὦδε
320 621 356 686 ot
379 629 445 700 πᾶς
467 646 518 700 τις
542 621 621 710 ἐρεῖς
644 624 730 701 114,
752 626 814 691 176
838 626 894 689 καί
917 623 957 689 κε’
974 648 1024 702 τις
1043 613 1107 690 cirl'
1127 623 1234 712 loica*

81 749 110 790 r.
138 727 206 792 024
229 742 388 794 παντοῖαι
422 722 455 794 δ’
484 723 612 815 cipercl:
646 731 703 796 Od.
729 732 779 809 18,
804 723 872 798 205‘
895 733 1061 818 παντοίην
1089 723 1234 820 ἀρετήν*

83 855 110 898 r.
137 835 206 899 660
229 837 307 902 θεοὶ
332 832 396 922 γάρ
424 839 496 920 re1)
524 831 698 921 νεμεοῶσέ
734 839 806 904 Hes.
835 861 898 924 erg.
924 840 982 904 741
1016 847 1065 924 τῷ
1094 839 1128 904 δὲ
1158 843 1234 906 θεοὶ

250 945 435 1027 capranica*

83 1072 109 1112 r.
138 1049 205 1113 712
228 1047 262 1126 ἐς
288 1046 375 1132 φάος
402 1043 529 1137 ἤελίοντ
556 1051 592 1116 ΙΙ.
616 1053 651 1130 5,
677 1053 741 1119 120
764 1049 850 1135 φάος
873 1045 999 1140 ἠελίοιο
1024 1055 1056 1118 in
1079 1052 1141 1119 fino
1164 1053 1234 1120 hex.

80 1178 108 1218 r.
137 1156 203 1220 768
227 1153 328 1241 γῆράς
354 1149 385 1222 τ’
408 1150 608 1242 οὐλόμενονι
641 1158 715 1224 Hes.
740 1159 844 1244 theog.
869 1159 933 1224 ‘2215
961 1155 1062 1248 γῆράς
1085 1153 1114 1224 τ’
1138 1153 1233 1225 οὐλό-

247 1267 373 1346 μενον·

81 1393 107 1432 r.
137 1369 207 1434 780
230 1356 251 1456 ἦ
277 1361 339 1455 γὰρ
369 1366 470 1456 ἔγωγε
500 1363 637 1437 ὀέὸοικέ
669 1372 705 1436 ll.
733 1373 783 1449 13,
807 1373 872 1437 744
895 1396 939 1458 sq.
967 1361 987 1460 ἦ
1014 1365 1077 1460 γὰρ
1101 1368 1201 1459 ἔγωγε
1228 1373 1232 1462 Ι

249 1478 358 1543 δείδω.

81 1605 106 1646 r.
135 1583 205 1648 852
227 1576 387 1667 μαλθακὰ
401 1586 591 1650 amititur:
614 1584 688 1650 Hcs.
704 1605 767 1668 erg.
784 1587 849 1650 374
864 1581 985 1670 αἱμύλα
1000 1587 1233 1652 κωτίλλουσα*

81 1712 106 1752 r.
132 1691 203 1754 974
228 1690 275 1768 εἷς
293 1683 322 1755 τ’
335 1684 467 1774 Ἔρεβος
484 1695 625 1774 καταβῇε
645 1692 703 1757 ou.
722 1695 770 1768 10,
785 1693 850 1757 528
866 1686 1052 1778 εἰς”Ερεβος
1067 1693 1234 1780 στρέψας’

81 1819 106 1860 r.
137 1799 225 1862 1084
251 1794 396 1882 ἔμπεδον
420 1796 492 1862 αἰὲν
517 1793 616 1881 ipsiu:
642 1799 832 1876 1116107
858 1795 1004 1884 ἔμπεδον
1028 1799 1100 1865 αἰὲν
1124 1797 1234 1884 ἔχων)

80 1925 107 1967 v.
134 1905 204 1968 294
226 1907 284 1970 καὶ
317 1902 483 1991 κρατερόν
515 1927 579 1990 περ
612 1898 715 1971 lrivr':
747 1906 783 1970 ll.
816 1907 864 1983 lb,
895 1908 957 1971 195
990 1909 1046 1972 καὶ
1073 1903 1235 1994 κρατερός

246 2034 310 2098 περ
335 2007 425 2078 luia*

173 2117 289 2182 Certae
316 2123 491 2186 sententiae
519 2121 614 2184 certis
641 2120 785 2185 formulis
813 2140 978 2202 expressae
1006 2121 1143 2203 quaein
1166 2141 1234 2184 car-

82 2225 224 2290 minibus
248 2225 423 2290 Homericis
450 2227 565 2292 iterum
588 2231 683 2309 atque
706 2227 822 2292 iterum
845 2233 1025 2304 occurrunt,
1053 2227 1171 2309 partim
1192 2226 1233 2290 ab

84 2332 224 2396 Homero
248 2333 317 2415 ipso
341 2329 446 2410 fictae,
473 2333 591 2416 partim
615 2355 653 2397 ex
676 2333 764 2416 poesi
788 2334 888 2416 epica,
917 2353 996 2416 quae
1020 2339 1095 2398 ante
1118 2332 1234 2398 Home-

83 2461 153 2502 rum
178 2437 298 2514 llomit,
320 2440 494 2504 translatae
518 2439 634 2522 sunt.²)
677 2440 781 2522 Atque
804 2440 883 2504 adeo
907 2461 970 2504 non
994 2441 1095 2505 solum
1118 2441 1234 2524 singuli

82 2568 208 2622 versuo,
240 2545 294 2610 sed
327 2546 422 2610 etiarn
452 2545 594 2628 integrae
622 2547 769 2610 carminis
797 2553 904 2629 partes
932 2547 1026 2611 certis
1056 2547 1133 2611 locis
1160 2568 1234 2612 con·

82 2661 208 2716 stanter
240 2658 436 2735 repetuntur.
488 2651 578 2716 Adde
611 2652 696 2735 quod
728 2653 845 2716 multae
878 2657 910 2717 et
942 2660 1047 2718 certae
1081 2653 1234 2718 formulae

83 2767 269 2824 constanter
292 2759 403 2822 eadem
423 2777 530 2822 versus
549 2760 623 2830 sede
642 2759 844 2842 reperiuntur
862 2765 895 2824 et
913 2760 997 2842 quod
1016 2781 1109 2843 saepe
1129 2767 1234 2826 certae

83 2865 259 2929 eorundem
292 2863 459 2928 verborum
491 2864 611 2929 formae
643 2864 703 2929 nisi
737 2866 770 2928 in
802 2871 889 2930 certo
921 2887 1030 2932 versus
1062 2867 1143 2950 pede
1171 2888 1234 2932 non

81 2970 244 3054 leguntur.
295 2971 321 3034 A
359 2971 476 3037 talibus
513 2971 656 3038 formulis
689 2993 727 3036 ue
761 2971 930 3056 elegiacam
963 2973 1090 3056 quidem
1122 2973 1233 3056 poesin

81 3079 222 3142 alienam
251 3077 345 3142 fuisse
373 3079 516 3163 exempla
543 3099 582 3142 ex
609 3079 800 3162 Theognidis
828 3079 1020 3144 carminibus
1048 3101 1143 3164 supra
1170 3081 1233 3145 col-

81 3185 166 3248 heta
203 3183 345 3267 probant.
395 3183 477 3249 Nam
510 3206 700 3268 quamquam
728 3184 886 3267 Theognis
919 3189 1021 3252 rarius
1054 3187 1099 3252 eis
1131 3188 1234 3253 utitur

81 3313 179 3373 quam
209 3289 262 3354 alii
284 3297 398 3373 poetae
421 3292 561 3375 elegiaci,
583 3299 689 3356 tamen
713 3313 775 3356 non
799 3313 918 3384 paneae
942 3293 1094 3358 formulae
1117 3293 1233 3358 Home-

80 3399 167 3460 ricae
205 3397 287 3478 apud
321 3417 391 3460 enm
419 3419 489 3462 cum
517 3399 588 3463 aliis
615 3419 761 3463 versuum
788 3398 866 3464 locis
893 3407 960 3464 tum
988 3401 1019 3463 in
1048 3399 1109 3464 fine
1137 3400 1233 3465 hexa-

81 3511 258 3566 metrorum
282 3503 496 3578 inreniuntur;
525 3505 628 3568 exitus
651 3506 735 3570 enim
758 3506 956 3588 potissimum
979 3506 1233 3572 hexametrorum

80 3619 111 3674 et
139 3607 275 3674 auribus
302 3616 335 3674 et
360 3612 531 3676 memoriae
553 3612 749 3676 audientium
773 3610 888 3676 infixae
910 3610 1124 3676 remanebant.
1171 3613 1234 3678 Sed

80 3717 243 3782 delectum
266 3716 471 3782 formularum
493 3716 613 3782 habent
636 3725 748 3800 poetae
772 3718 910 3802 elegiaci.
958 3718 1038 3782 Nam
1062 3720 1147 3801 apud
1166 3719 1233 3783 Ho-

81 3843 207 3885 merum
235 3823 294 3906 ipsi
322 3821 400 3888 fines
423 3845 568 3889 versuum
592 3824 693 3888 multa
715 3827 892 3902 continent,
915 3847 997 3908 quae
1019 3824 1085 3889 fere
1109 3825 1232 3890 obsole-

80 3939 146 3993 mm
165 3929 395 4010 antiquitatem
414 3931 481 3996 eius
499 3953 580 4014 quae
594 3931 793 3996 Homericam
812 3933 984 4015 praecessit
1002 3931 1106 4015 poesis
1125 3931 1233 4014 opicae

173 4197 194 4250 't
220 4191 322 4248 Vitium
347 4195 460 4252 subesse
483 4202 608 4266 apparet.
648 4197 777 4251 Fortasse
801 4215 860 4251 curn
880 4197 1039 4251 Hermanno
1062 4215 1105 4251 τοι
1130 4215 1180 4266 pro
1199 4215 1230 4250 τε

83 4281 262 4338 scribendum
281 4290 330 4336 est.

170 4373 194 4435 ἲ)
215 4369 276 4424 vid.
296 4371 396 4440 Bergk,
415 4371 576 4440 geschichte
595 4375 645 4428 der
663 4373 768 4442 griech.
788 4375 915 4428 literatur
935 4376 956 4440 1,
975 4393 1001 4443 p.
1021 4375 1082 4430 836.

1002 4467 1018 4518 2
