3008 4884
507 402 551 414 -—
600 367 681 448 1111·
729 401 773 412 -
1170 372 1209 432 75

72 555 144 620 miri
167 554 285 620 habent
307 557 458 639 exempla
480 555 576 622 haee:
602 554 780 621 Te1·.And.
806 559 830 635 l,
851 561 879 618 5.
900 559 940 620 38
964 557 1087 640 eyreqr'e
1102 581 1206 633 caras,

74 659 167 724 Corn.
194 659 249 734 IV,
269 663 300 736 4,
325 663 434 743 6691.
458 659 655 743 ortgflciosaa
696 658 761 724 Cio.
789 658 829 723 do
852 679 897 722 or.
925 663 955 740 1,
974 665 1025 738 66,
1050 663 1111 725 268
1141 683 1206 744 syr.

64 761 178 846 fortas,
211 761 255 826 id.
282 763 370 827 Brut.
391 767 421 839 9,
442 764 481 826 35
505 783 571 846 eqr.
590 753 722 825 66611116.
770 761 983 844 Singulariter
1010 763 1211 829 661661616-

73 873 141 928 tnm
164 871 213 930 est
235 865 358 948 oqreqie
381 865 482 949 turpis
511 864 598 948 apud
622 865 717 930 Corn.
736 865 794 944 III,
814 867 866 938 22,
887 867 926 928 35
957 874 992 928 at
1013 866 1044 928 si
1064 865 1142 951 qaid
1163 867 1209 930 vi-

73 968 179 1030 demos
201 1005 245 1014 -
267 967 391 1052 eqreyie
415 977 515 1052 torpe.
557 967 716 1052 Eyreqiua
738 967 822 1033 enim
846 968 932 1052 apud
954 968 1091 1052 optimos
1107 969 1210 1053 scrip-

73 1077 159 1134 tores
180 1089 242 1135 non
266 1069 393 1135 omnino
416 1069 576 1154 signifieat
597 1069 641 1147 id,
667 1069 752 1152 quod
768 1069 913 1152 qualibet
934 1071 1058 1136 ratione
1081 1069 1208 1136 modurn

73 1173 209 1254 excedit,
244 1173 301 1238 sed
331 1175 364 1238 in
394 1173 509 1239 bonam
540 1173 728 1256 plerumque
759 1181 881 1256 partem
912 1173 1078 1257 accipitur,
1113 1183 1148 1239 ut
1177 1175 1210 1238 in

73 1277 221 1360 epistulis
244 1282 366 1341 tanturn
388 1283 421 1342 et
441 1277 475 1341 in
498 1276 657 1342 cotidiano
687 1295 833 1341 sermone
856 1277 999 1360 effrenatos
1021 1275 1146 1342 dicatur
1168 1278 1209 1343 de

72 1379 112 1444 iis
136 1379 250 1456 rebus,
281 1400 365 1462 quae
395 1380 513 1446 malam
542 1379 575 1444 in
606 1386 728 1463 partem
757 1379 831 1445 aliis
860 1379 967 1462 aliquo
997 1379 1091 1444 modo
1114 1401 1210 1464 prae-

74 1490 159 1548 stent
189 1482 239 1564 (ol.
265 1481 408 1566 Georges
431 1483 494 1548 lex.
521 1483 577 1548 lat.
604 1501 631 1546 s.
657 1483 722 1562 v.);
758 1481 799 1546 ol.
825 1481 900 1547 Ter.
926 1481 1042 1548 Heaut.
1069 1487 1202 1558 3,1,11

74 1609 128 1668 eqo
152 1587 300 1670 profecto
330 1585 453 1669 ioqeaio
482 1584 607 1669 eqreqio
637 1585 682 1648 od
707 1583 851 1647 maestos
880 1593 973 1648 notos
1002 1605 1088 1661 sum,
1120 1585 1206 1651 Gall.

75 1693 161 1770 tol
196 1689 320 1774 oqreqie
351 1689 522 1771 improbus.
576 1687 681 1753 Etiam
711 1706 782 1752 oum
812 1687 973 1753 adverbiis
1006 1688 1209 1772 coniungitur

74 1791 210 1874 eqreqie:
238 1791 330 1856 Corn.
343 1791 401 1869 lll,
423 1793 473 1866 18,
486 1794 523 1855 31
550 1813 615 1874 cyr.
630 1792 802 1858 commode:
823 1789 987 1874 primitiva
1001 1789 1099 1874 igitur·
1115 1790 1209 1856 huius

74 1893 218 1960 adverbii
248 1894 297 1959 vis
326 1895 390 1959 ianr
420 1893 501 1959 adso
531 1893 592 1958 luit
621 1893 802 1972 debilitata,
835 1901 870 1958 ut
899 1893 991 1976 qnasi
1024 1893 1208 1978 proelitioae

74 1997 251 2081 particulae
282 2017 413 2062 munere
444 1997 642 2080 iungeretur:
680 2016 775 2078 quarn
804 1996 843 2061 ob
873 2016 939 2061 rem
966 1997 1123 2081 Kaysero,
1156 1999 1210 2080 qui
1327 2038 1330 2044 ·

73 2119 144 2164 oum
175 2099 281 2164 minus
310 2106 386 2184 apte
415 2098 565 2181 coniungi
588 2098 743 2164 eiusmodi
774 2098 838 2164 duo
867 2098 1022 2165 adverbia
1052 2109 1205 2175 censeret,

74 2209 197 2268 mutata
224 2203 374 2268 leotiono'
393 2201 594 2268 scribendum
628 2202 789 2287 putaverit
822 2202 946 2287 eyreqio
976 2225 1010 2266 ro
1038 2203 1207 2282 commodo,

73 2326 135 2370 non
158 2304 347 2388 adstipulor.
397 2305 601 2370 Praeclarum
629 2311 737 2370 autem
767 2305 1002 2381 testimonium,
1034 2326 1096 2388 quo
1126 2305 1209 2372 huno

72 2408 219 2474 adverbii
242 2427 333 2473 usum
356 2407 400 2474 ad
422 2408 587 2490 vulgarem
611 2427 789 2473 sermonem
815 2408 1016 2473 referendum
1039 2428 1111 2474 esse
1134 2429 1209 2493 pro-

73 2513 175 2590 batur,
209 2510 291 2576 illnd
313 2518 380 2588 est,
411 2510 497 2594 quod
526 2511 646 2596 cyrenio
674 2511 707 2574 in
734 2511 838 2576 isdem
868 2511 1028 2576 invenitur
1049 2511 1204 2592 formulis,

73 2616 189 2696 quibus
212 2615 301 2678 bono:
330 2613 453 2698 eqreyie
475 2635 617 2697 6169661,
648 2613 743 2680 Corn.
761 2613 820 2692 111,
843 2618 954 2694 11,19
977 2637 1042 2696 eor.
1061 2637 1208 2697 nunqnam

72 2739 136 2781 esse
158 2718 338 2794 utilitatem,
385 2739 450 2800 eyr.
472 2717 566 2780 mariti
586 2715 680 2782 Lnor.
702 2722 729 2793 1,
749 2720 822 2780 735.

160 2821 262 2886 Sicuti
291 2819 406 2885 dicitur·
437 2821 520 2898 bene,
554 2820 676 2904 eqreqt'e
705 2842 853 2904 muyans,
887 2820 962 2885 item
991 2820 1107 2902 legitur
1134 2845 1210 2885 stine

69 2947 205 3008 rnoqnus
227 2923 313 3006 apud
335 2923 428 2989 Corn.
447 2923 504 2999 IV,
522 2925 573 3003 49,
594 2925 635 2987 63
665 2923 718 2986 eui
743 2945 953 3007 sanemaqno
975 2923 1076 2986 estin
1099 2928 1208 2989 meraclo
1241 2993 1253 3022 ⁸

71 3028 224 3102 cicatrix,
259 3027 327 3092 Cio.
353 3026 439 3091 Tull.
459 3031 489 3105 6,
512 3031 560 3090 14.
611 3025 674 3103 Qui
696 3025 841 3092 adverbii
864 3049 938 3090 sarae
961 3046 1049 3106 usus,
1081 3047 1144 3109 quo
1167 3027 1208 3094 ad

70 3131 266 3196 adieetivum
293 3129 441 3208 adicitur,
477 3149 548 3194 oum
571 3129 658 3220 apnd
680 3149 797 3194 aureae
820 3149 946 3212 quoque
967 3130 1084 3196 aetatis
1107 3131 1210 3216 sarip-

70 3243 159 3300 tores
181 3233 268 3298 hand
291 3233 336 3298 ita
358 3253 430 3298 raro
453 3241 614 3310 occurrat,
648 3233 742 3315 plura
764 3232 880 3298 afferre
903 3234 1053 3316 exempla
1074 3254 1137 3299 non
1160 3245 1209 3301 est

69 3357 164 3422 opus.
213 3335 278 3402 Sed
300 3335 516 3401 memorabilis
538 3342 588 3400 est
617 3335 754 3412 formula
782 3337 966 3411 nannieno,
1003 3355 1073 3400 ourn
1103 3338 1210 3420 plebei

70 3439 228 3504 sermonis
258 3437 404 3503 videatur
434 3456 506 3503 esse
536 3446 568 3503 et
595 3461 669 3501 sane
698 3438 772 3502 6666
806 3445 838 3504 61
868 3438 942 3502 beno
971 3461 1064 3503 sano:
1102 3441 1205 3505 Plaut.

69 3545 167 3610 Most.
183 3546 212 3622 3,
228 3544 258 3620 2,
275 3546 315 3605 74
335 3542 390 3622 (ita
412 3541 539 3606 eodiees
555 3541 704 3620 Palatini,
730 3549 841 3608 eontra
863 3542 895 3606 in
923 3543 1091 3624 limanium
1111 3547 1205 3626 lleoel

69 3646 174 3712 videri
201 3646 285 3711 huno
308 3663 433 3710 vorsum
458 3645 546 3710 exire
569 3644 602 3710 in
625 3644 733 3711 codiee
756 3646 968 3712 Ambrosiano
990 3647 1079 3714 exire
1101 3647 1210 3712 docuit

69 3771 129 3816 nos
162 3748 398 3815 Studemnndus
425 3749 459 3813 in
489 3748 638 3829 scholisl3
680 3747 753 3814 Ter.
780 3748 879 3814 Andr.
899 3755 930 3826 5,
949 3753 980 3826 1,
1000 3754 1031 3813 7.
1077 3751 1155 3816 Η66.
1177 3755 1204 3823 1,

70 3858 100 3930 2,
125 3855 197 3915 1113.
238 3851 376 3934 Adelph.
394 3855 424 3930 4,
444 3855 473 3932 2,
491 3854 548 3924 47;
576 3849 839 3928 0164616616,
860 3855 898 3913 12
920 3873 971 3914 ros
993 3853 1111 3914 rustico
1134 3875 1209 3916 strae

68 3959 148 4019 tene
171 3954 274 4030 66116,
305 3955 372 4017 1111.
394 3955 443 4032 13,
463 3957 513 4032 33,
535 3957 565 4015 2.
593 3989 632 4000 -
664 3953 732 4018 Neo
755 3953 860 4018 minus
884 3952 1035 4018 cotidiani
1058 3973 1136 4019 usus
1160 3962 1210 4020 est

68 4057 176 4122 hercle
194 4079 268 4120 sone
290 4058 343 4122 vel
365 4079 439 4120 sotto
461 4055 581 4119 hercle:
608 4056 711 4121 Plaut.
730 4055 816 4120 Trin.
837 4059 866 4135 3,
887 4059 917 4134 3,
937 4059 977 4118 53
1007 4057 1091 4138 (scite
1106 4057 1210 4121 hercle

67 4163 178 4242 sonel:
219 4160 293 4224 Ter.
320 4159 402 4223 Eun.
430 4163 461 4237 3,
481 4165 512 4236 5,
535 4164 586 4222 53.
634 4159 760 4224 Phonn.
787 4161 816 4233 3,
838 4163 867 4236 3,
887 4163 919 4222 9.
966 4160 1204 4242 Η66.3,5,11;

67 4263 171 4327 Τί1ἰι1.
189 4267 248 4325 1115
272 4281 348 4345 pag.
361 4265 421 4325 148
439 4262 482 4338 11;
509 4262 603 4327 Corn.
623 4262 677 4326 IV.
697 4267 748 4336 511,
765 4265 806 4324 63
830 4285 866 4324 or
882 4285 919 4324 66
942 4283 976 4324 re
998 4262 1088 4326 lromo
1104 4263 1208 4326 hercle
