3010 4896
529 373 594 415 -,
618 335 712 420 [161]
760 373 800 382 -
940 291 943 304 ’
1195 333 1232 398 ιι

101 535 218 608 νῶτον,
240 529 296 593 ubi
319 552 381 594 τον
404 525 508 595 νότον
527 530 563 607 R,
585 521 647 595 τὸν
671 537 784 596 νῶτον
814 530 879 609 VP,
900 521 941 595 τὸ
966 535 1078 594 νῶτον
1101 533 1172 613 post
1194 519 1234 594 τὸ

99 657 204 701 rasura
227 657 292 700 unu
315 637 423 702 littere
445 637 551 703 delete
573 640 614 701 M
630 635 789 703 exhibent.

131 863 134 872 ’
183 885 293 969 Neque
324 887 425 950 meior
457 907 624 951 consensus
656 885 906 970 deprehenditur
937 887 1020 951 inter
1047 885 1176 951 Suidem
1204 890 1236 950 et

99 993 234 1058 codicem
253 987 289 1072 P,
308 993 397 1058 cuius
415 1013 496 1077 quae
514 994 661 1078 propn'ee
679 997 752 1059 sunt
770 991 868 1059 falsae
885 1013 923 1059 ac
940 1012 1109 1077 peruersee
1127 992 1236 1057 iectio-

99 1121 153 1164 nes
174 1101 298 1165 omnino
321 1121 384 1166 non
408 1100 607 1184 reperiuntur
629 1101 712 1186 apud
736 1099 867 1166 Suidem
875 1100 911 1188 ¹).

184 1367 250 1432 lam
273 1368 437 1434 uideamus
460 1389 534 1433 num
557 1389 725 1434 consensus
748 1369 831 1434 inter
853 1368 983 1434 Suidem
1006 1373 1038 1432 et
1055 1367 1237 1434 Venetum

98 1475 235 1540 codicem
253 1475 447 1560 deprehendi
465 1477 572 1560 possit
606 1477 710 1559 Atque
733 1481 770 1540 ut
796 1477 940 1558 omittam
962 1475 1111 1540 minuties
1130 1475 1238 1541 ortho-

97 1581 271 1666 graphicas,
289 1583 403 1666 quihus
421 1585 455 1648 in
474 1603 511 1648 eo
529 1583 611 1648 libro
630 1584 812 1667 saepissime
829 1587 993 1666 peccatum
1012 1588 1068 1659 est,
1091 1583 1239 1667 grauiore

97 1709 178 1772 quae
199 1687 234 1753 V¹
253 1691 382 1772 proprie
400 1697 472 1755 sunt
490 1690 571 1754 uitia
588 1688 708 1754 frustra
725 1690 809 1774 apud
829 1689 959 1755 Suidem
977 1709 1119 1772 quaeras,
1137 1689 1237 1754 uelut:

185 1795 250 1861 248
279 1790 431 1880 φάλαγγα
461 1795 496 1874 V,
528 1791 679 1882 φάρυγγα
707 1791 853 1882 (φάραγξ
882 1797 916 1860 in
947 1795 1155 1880 explicatione
1181 1797 1239 1860 ed-

97 1903 179 1988 dim)
203 1901 334 1992 811821
359 1894 404 1987 μὴ
426 1903 548 1968 emissit
577 1904 612 1981 V,
634 1901 733 1968 habet
759 1901 811 1992 811
829 1903 912 1969 1181
937 1895 1094 1968 κάκπιεῑν
1124 1903 1159 1980 V,
1181 1903 1239 1966 καὶ

93 2021 188 2074 πιεῖν
211 2007 364 2096 8111363
387 2005 552 2096 κρεμάσας
581 2010 617 2087 V,
640 2005 844 2096 ἐκκρεμάσας
866 2008 897 2075 8.

185 2117 278 2181 Adde
304 2118 387 2200 quod
416 2117 499 2183 inv.
526 2117 610 2183 1369
634 2138 691 2202 pro
721 2117 759 2181 V¹
782 2118 939 2201 scriptura
966 2109 1118 2203 ὁπλίτης,
1144 2138 1238 2199 quem

93 2228 228 2288 anctore
242 2223 462 2310 ihierschi02)
483 2222 665 2290 Dindorfius
683 2223 860 2290 Meinekins
874 2224 1025 2289 Velsenus
1044 2230 1239 2306 receperunt,

95 2329 212 2396 Suidos
248 2351 319 2394 oum
354 2331 484 2415 reliquis
520 2331 681 2399 codicibus
713 2323 733 2395 ὃ
764 2332 902 2416 πολίτης
934 2329 1076 2405 exhibet3
1112 2332 1239 2396 uidetur

94 2437 196 2521 igitur
228 2439 413 2521 scripturam
446 2429 596 2524 ὁπλίτης,
628 2439 654 2503 si
687 2438 779 2504 modo
807 2437 980 2522 probabilis
1008 2443 1069 2514 est,
1103 2459 1183 2502 unus
1213 2437 1244 2502 V

94 2542 236 2608 fideliter
258 2564 407 2610 seruasse.

186 2649 245 2716 His
281 2650 395 2733 quibus
431 2651 544 2717 Suidas
579 2673 599 2716 e
637 2651 680 2716 V⁰
714 2651 872 2734 discrepet
904 2671 999 2716 unum
1031 2650 1134 2714 locum
1165 2649 1240 2715 licet

93 2777 258 2840 opponere
285 2779 345 2840 quo
371 2778 481 2823 uerum
508 2759 696 2842 scripturam
720 2779 783 2822 una
805 2777 876 2822 curn
899 2757 1009 2822 eodem
1032 2757 1178 2822 retinuit:
1207 2757 1239 2821 in

94 2885 121 2927 v.
141 2863 186 2927 56
207 2863 291 2928 enirn
311 2875 442 2948 uterque
465 2887 523 2948 pro
541 2855 767 2950 περιδραμὼν,
790 2865 873 2947 quod
897 2864 1012 2948 reliqui
1035 2864 1157 2929 codices
1176 2863 1240 2928 leui

93 2991 206 3034 onore
239 2969 399 3049 exhibent,
430 2978 515 3037 recte
542 2963 772 3058 παραδραμών
800 2972 947 3036 seruauit.
982 3009 1022 3019 -
1056 2971 1114 3035 His
1142 2970 1241 3052 igitur

93 3079 288 3160 comparatis
320 3075 450 3143 Suidum
482 3101 522 3144 ne
554 3101 624 3144 cum
650 3079 772 3144 Veneto
804 3078 931 3160 quidem
963 3078 1082 3142 artiore
1113 3077 1240 3141 uinculo

93 3186 298 3248 coniunctum
322 3204 389 3250 esse
413 3187 616 3258 statuendum
639 3187 707 3250 erit

187 3450 332 3534 Denique
359 3457 395 3516 ut
422 3451 623 3530 menifestum
648 3451 706 3516 fiet
733 3473 753 3516 a
780 3459 848 3517 toto
876 3452 930 3516 iiio
957 3471 1071 3536 genere
1098 3449 1241 3514 codicum

103 3557 312 3623 Ρ-Ρ-ΑΓΘΛ
342 3557 458 3624 Suidae
489 3560 629 3624 codicem
660 3580 728 3624 esse
760 3559 983 3642 separandum,
1016 3564 1049 3622 et
1081 3557 1195 3622 menda
1222 3577 1242 3620 s

97 3737 315 3748 ν--ι-ο

173 3861 192 3919 11
215 3857 302 3912 ueluti
325 3859 377 3913 369
397 3852 567 3928 Sparsisset
587 3859 613 3912 Ρ
631 3853 820 3930 θρανεύσεται
839 3861 858 3916 S
876 3859 955 3930 1399
977 3851 1197 3928 παραστηκότος
1217 3857 1244 3909 Ρ

96 3941 314 4014 παρεστηκότος
333 3947 350 4001 S
368 3948 377 4014 1
396 3949 448 4002 518
467 3943 610 4012 ἐπαιτίους
629 3948 656 4000 Ρ
677 3944 823 4012 ἐπετείους
842 3949 952 4020 81523
971 3947 1099 4014 ervum
1117 3945 1144 3998 Ρ
1160 3945 1240 4014 φηνί·

96 4034 159 4097 ζων
172 4035 277 4102 81538
290 4036 518 4105 προθελυμίνονς
530 4036 557 4089 Ρ
568 4031 786 4108 προθελύμνους
800 4039 818 4094 S
831 4039 841 4108 1
855 4039 904 4093 571
921 4033 950 4090 δέ
965 4051 1036 4089 ποτε
1052 4035 1080 4087 Ρ
1092 4029 1122 4088 δέ
1136 4049 1192 4088 που
1206 4033 1242 4102 811

97 4122 155 4174 682
172 4119 321 4192 κοριάνναν
336 4125 362 4178 Ρ
378 4120 539 4196 κοριάννοις
553 4127 571 4182 S
584 4127 593 4194 11
608 4128 660 4182 693
673 4131 793 4195 μορμῶν
806 4127 834 4179 Ρ
844 4120 945 4196 μορμὼ
960 4123 978 4178 S
991 4124 1001 4191 11
1015 4123 1069 4177 ’194
1082 4123 1203 4196 βλίττοις
1217 4120 1244 4173 Ρ

96 4209 222 4276 βλίττεις
243 4214 357 4282 81864
376 4209 565 4284 θηρευόμενοι
584 4215 612 4267 Ρ
633 4210 797 4284 θηρώμενοι
821 4215 935 4286 81895
959 4207 1015 4280 γάρ
1040 4203 1120 4276 ἄξιον
1143 4209 1171 4262 Ρ
1190 4203 1255 4261 τὸν

98 4289 187 4360 ἄξιον
203 4301 324 4369 811082
341 4297 459 4372 χάσκοις
477 4303 505 4356 Ρ
518 4297 627 4373 χάσκῃς
644 4305 672 4359 S.

179 4387 243 4444 'tin
262 4393 333 4445 Actt.
355 4391 437 4445 Acsd.
454 4393 551 4446 Bauer.
572 4409 633 4447 nnn.
655 4393 755 4448 18351
774 4409 818 4461 ος.
840 4393 899 4446 700,

1067 4477 1083 4527 2
