2994 4890
290 323 348 384 luc
723 357 761 366 --
809 322 894 404 laco]
941 357 984 367 -

286 511 432 572 dictionis
451 531 549 594 penae
577 559 582 572 .
607 559 613 572 .
636 559 642 572 .
667 510 739 593 §27
763 532 898 594 quonam
919 510 1018 596 igitar
1046 513 1136 574 modo
1159 511 1321 574 audiretur
1341 509 1407 591 My·

284 635 336 676 εαε
357 622 413 676 σαί
435 613 547 697 Phryx
569 613 729 676 Athama?

370 718 515 782 Alterum
538 725 644 781 autem
661 716 784 796 vitium,
810 717 842 781 ni
859 717 964 798 fallor,
992 725 1103 782 restat.
1145 717 1228 782 Nam
1250 723 1408 800 postquam

284 819 466 902 eloquentia
494 840 535 884 ex
563 819 643 884 Asia
676 819 829 902 profecta
849 819 946 884 certis
976 821 1101 902 Mysiae
1123 819 1284 904 Phrygiae
1305 817 1409 884 Cariae

284 923 466 1005 regionibus
496 923 677 988 accuratius
707 922 888 1005 significata
918 930 982 1006 est,
1015 923 1214 1007 ineptissime
1243 915 1410 1003 audituri}

283 1023 460 1111 βάρβαρον
486 1025 715 1110 appellativum
744 1025 787 1090 ad
815 1026 946 1091 nomina
972 1026 1118 1110 propria,
1150 1026 1236 1090 notio
1266 1025 1409 1090 latissime

284 1137 398 1213 patens
421 1129 463 1194 ad
485 1129 567 1194 alias
590 1131 662 1214 ipsa
686 1129 941 1214 comprehensae,
967 1129 1077 1194 ieiuna
1091 1129 1202 1194 eadem
1222 1137 1296 1212 post
1310 1126 1409 1193 Asiam

284 1233 480 1316 appellatam
511 1240 544 1297 et
572 1253 701 1318 prorsus
729 1253 940 1317 supervacua.
987 1233 1119 1298 Accedit
1144 1231 1229 1314 qnod
1260 1240 1409 1297 ternorum

284 1338 493 1401 membrorum
524 1337 690 1420 responsio
719 1333 865 1422 Ἀττική,
900 1329 1034 1421 ἀρχαία,
1069 1330 1265 1417 αὐτόχθων
1302 1331 1408 1418 Μύσρ,

286 1441 426 1523 Φρυγία,
461 1437 612 1523 Καρικόν
633 1440 733 1504 verba
754 1433 774 1524 ἢ
794 1435 971 1524 μάρμαρον
993 1423 1143 1504 damnat.
1190 1439 1241 1504 Ne
1264 1439 1371 1514 multa,
1396 1430 1411 1519 ἢ

282 1537 459 1627 βάρβαρον
490 1542 653 1625 glossema
685 1548 735 1607 est
767 1541 962 1626 adscriptum
997 1541 1040 1607 ad
1072 1543 1171 1607 verba
1206 1535 1223 1627 ἢ
1257 1535 1407 1624 Καρικόν.

283 1643 369 1709 Sane
391 1645 492 1712 (lares
514 1642 805 1730 βαρβαροφώνους
827 1645 902 1710 inde
924 1646 964 1711 ab
987 1645 1125 1710 Homero
1147 1653 1276 1730 praeter
1298 1652 1410 1709 ceteros

283 1767 356 1814 esse
386 1749 539 1814 barbaros
567 1747 694 1815 habitos
724 1769 796 1814 cum
824 1749 881 1814 alii
910 1749 972 1815 loci
1001 1749 1119 1814 docent
1147 1757 1214 1814 tum
1242 1747 1307 1822 illi,
1340 1765 1411 1829 quos

283 1851 470 1917 Theodorus
482 1851 640 1934 Bergkius
653 1851 798 1917 laudavit
815 1850 1041 1931 „Griechische
1053 1849 1409 1935 Literaturgeschichte“

283 1976 316 2039 p.
336 1958 388 2018 34.
410 1961 462 2018 45.

369 2078 403 2141 p.
422 2062 542 2124 lllrrss
566 2059 635 2121 Kal
651 2052 691 2123 οὐ
707 2053 790 2122 καθ’
805 2057 842 2123 ἓν
857 2057 939 2134 ἴσως
955 2063 1053 2123 τοῦτο
1070 2055 1176 2141 μόνον
1192 2056 1346 2122 ἐπαινεῖν
1360 2053 1411 2118 τὸν

285 2158 441 2247 παρόντα
477 2159 602 2247 χρόνον
634 2162 692 2225 καὶ
725 2160 803 2237 τοὺς
836 2163 1180 2247 συμφιλοσοφοῦντας
1214 2155 1411 2246 ἀνθρώπους

284 2259 394 2346 ἄξιον,
422 2258 475 2329 ὅτι
496 2261 538 2328 τὰ
560 2269 698 2350 κρείττω
722 2261 900 2348 τιμιώτερα
928 2276 1041 2330 ποιεῖν
1070 2271 1136 2329 τιῖιν
1164 2261 1328 2350 χειρόνων
1349 2257 1411 2347 ἤρ-

282 2368 406 2445 ξατο.
429 2417 435 2432 .
457 2419 463 2431 .
490 2362 567 2432 ἀλλ’
593 2361 646 2432 ὅτι
667 2369 724 2431 καὶ
747 2379 886 2448 ταχεῖαν
908 2365 968 2454 τὴν
989 2364 1180 2455 μεταβολὴν
1201 2368 1258 2431 καὶ
1272 2363 1411 2450 μεγάλην

282 2467 342 2556 τὴν
371 2468 526 2535 ἐπίδοσιν
555 2463 666 2535 αὐτῶν
688 2468 921 2555 παρεσκεύασε
944 2475 1107 2554 γενέσθαι
1128 2472 1179 2535 M:
1211 2465 1353 2556 ἤρξαντο
1374 2469 1405 2531 R.

283 2573 388 2638 Verba
414 2575 532 2639 tradita
563 2569 685 2660 ἤρξατο
715 2581 748 2639 et
775 2571 1026 2660 παρεσκεύασε,
1060 2594 1142 2656 quae
1170 2574 1345 2639 certissime
1372 2570 1408 2635 ad

281 2697 379 2742 unum
403 2685 524 2742 tantum
549 2677 783 2743 substantivum
804 2675 874 2760 (τὸν
897 2675 1063 2762 παρόντα)
1089 2675 1250 2762 χρόνον
1272 2676 1404 2753 redeunt,

166 2837 168 2841 ,
282 2785 387 2846 cetera
409 2782 519 2858 verba,
544 2781 659 2862 quibus
681 2781 762 2846 illud
785 2781 989 2846 coniunctum
1011 2781 1139 2862 legitur,
1164 2780 1223 2844 καὶ
1241 2778 1318 2856 τοὺς
1333 2801 1407 2859 σαμ-

283 2884 559 2969 φιλοσοφοῦντας
583 2877 789 2968 ἀνθρώπους
811 2884 844 2947 in
866 2884 1091 2968 gravissimam
1117 2884 1330 2968 suspicionem
1357 2901 1407 2945 vo

283 2993 367 3066 cant,
393 2987 496 3069 neqne
519 2987 640 3068 dubito,
667 2987 792 3052 etiamsi
813 2987 892 3051 nihil
908 2986 996 3051 aliud
1011 2987 1186 3066 accederet,
1213 2988 1266 3052 vel
1281 2988 1320 3052 ob
1334 2986 1407 3049 hanc

282 3109 411 3154 causam
435 3089 544 3174 spuria
567 3110 606 3155 ea
627 3089 782 3155 iudicare.
830 3089 943 3171 Neque
966 3089 1051 3155 enim
1074 3089 1133 3154 hoc
1155 3089 1197 3154 ad
1216 3085 1405 3154 defendenda

282 3211 322 3256 ea
344 3193 485 3277 prolerre
507 3193 583 3257 licet
605 3193 672 3257 fieri
695 3211 807 3275 posse,
841 3199 876 3256 ut
897 3193 998 3257 verba
1018 3191 1110 3257 finita
1138 3191 1180 3256 ad
1209 3193 1311 3257 solnm
1339 3189 1404 3254 eno

281 3296 454 3360 stantivum
478 3293 603 3381 χρόνον
624 3295 815 3372 referantur,
840 3295 959 3380 quippe
982 3295 1066 3379 quod
1084 3295 1117 3358 in
1132 3294 1193 3359 hac
1208 3303 1301 3379 parte
1315 3294 1403 3359 maio

281 3399 325 3463 ris
347 3399 496 3464 momenti
519 3401 560 3464 sit
582 3419 677 3483 quam
701 3398 733 3464 ol
756 3399 1094 3485 συμφιλοσοφοῦντες
1118 3394 1316 3483 &asanaa
1340 3417 1402 3461 nam

283 3501 358 3567 talis
381 3509 540 3568 structura
562 3503 616 3566 six
631 3502 757 3568 Graeca
779 3510 838 3580 est,
865 3501 1012 3586 Dionysii
1036 3509 1122 3566 certo
1143 3509 1282 3567 nonest.
1321 3498 1402 3564 Dilli-

281 3606 431 3672 cultatem
454 3605 583 3670 infimae
606 3605 722 3671 aetatis
750 3605 868 3687 aliquis
898 3606 997 3672 lector
1025 3605 1104 3670 satis
1132 3605 1312 3689 perspexit,
1343 3623 1401 3668 cnm

178 3737 181 3744 ·
280 3703 424 3794 ἤρξαντο
447 3729 505 3794 pro
528 3705 650 3795 ἤρξατο
674 3709 842 3786 scriberem
869 3708 955 3773 idem
979 3727 1054 3773 vero
1076 3707 1161 3790 quod
1184 3705 1402 3792 trapessacum

281 3813 427 3895 reliquit,
462 3811 590 3896 etipse
619 3811 814 3894 singularem
845 3812 1011 3877 verborum
1046 3831 1213 3876 numerum
1243 3813 1402 3895 genuinum

281 3935 353 3982 esse
387 3917 511 4000 probat.
558 3916 708 3997 Pugnant
740 3919 846 3979 autem
881 3915 980 3979 verba
1012 3914 1069 3977 aul
1101 3911 1179 3989 τοὺς
1207 3915 1402 4000 συμφιλοσα

281 4027 431 4104 φοῦντας
455 4014 661 4104 ἀνθρώπους
683 4037 746 4082 non
770 4018 873 4082 solum
889 4037 960 4082 cum
977 4017 1185 4101 grammatica
1199 4018 1332 4094 ratione,
1355 4013 1403 4080 scd

280 4143 351 4187 cnm
375 4130 441 4188 tota
463 4123 557 4188 etiam
582 4121 735 4206 prooemii
766 4121 992 4205 dispositione,
1024 4142 1118 4203 qnam
1147 4121 1217 4204 ipse
1242 4121 1404 4206 Dionysias

282 4245 353 4308 cap.
374 4231 390 4286 l
414 4226 458 4289 in.
485 4225 644 4307 significat
702 4225 782 4286 'l'res
805 4224 888 4287 eninr
914 4232 988 4288 sunt
1012 4233 1129 4308 partes
1155 4244 1288 4305 quarum
1313 4223 1403 4308 plinta
