2982 4884
280 347 341 410 ιοο
712 383 757 396 -
805 345 889 428 [οτι]
937 381 981 392 -

279 533 515 617 comparativus
531 553 603 600 oum
618 534 759 620 pondere
774 533 913 618 quodam
928 531 1052 618 positus
1069 532 1120 610 sit,
1148 550 1189 596 ea
1201 528 1309 610 verba,
1333 547 1403 610 quse

277 637 414 721 primum
438 637 530 703 oolon
552 646 641 703 trans
664 637 916 722 eompuretivum
947 634 1198 719 ἐπιτυχέστεροι
1226 631 1400 718 producunt.

276 759 296 805 e
317 739 467 825 Dionysii
490 741 597 808 verbis
620 741 703 806 ultro
726 739 889 808 excidunt.

363 891 455 971 Quae
481 914 556 960 num
580 894 719 961 delenda
750 894 829 974 sint,
863 891 986 976 siquis
1016 890 1121 958 adhuo
1147 889 1288 970 dubitet,
1321 908 1401 973 spero

276 997 421 1064 eiusdem
443 996 683 1083 interpolatoris
705 1017 803 1064 menn
826 996 955 1082 eognito
983 1003 1069 1062 osrto
1096 1015 1221 1062 meeum
1253 1015 1323 1061 eum
1344 993 1401 1060 fus-

277 1107 382 1166 tnrnm
405 1119 488 1167 esse.
536 1101 586 1166 De
608 1101 774 1166 Platonica
795 1098 935 1166 dinleoto
957 1097 1133 1184 Dionysius
1155 1119 1187 1182 p.
1207 1101 1326 1162 96412ss
1346 1095 1400 1161 itu:

236 1199 239 1206 ’
273 1195 320 1268 ‘H
340 1203 377 1268 δὲ
400 1200 439 1290 δὴ
456 1201 658 1290 Πλατωνικὴ
682 1200 856 1279 διάλεκτος
878 1198 1038 1285 βούλεται
1059 1201 1123 1284 μέν
1145 1195 1232 1268 εἶναι
1255 1201 1309 1264 καλ
1332 1193 1401 1283 αἰτῇ

278 1311 385 1391 μίγμα
409 1305 577 1392 ἑκατέρων
599 1313 666 1370 τῶν
687 1302 909 1392 χαρακτήρων
931 1311 1041 1370 τοῦτο
1057 1298 1193 1390 ὑψηλοῦ
1214 1305 1271 1368 καλ
1287 1301 1399 1384 ἰσχνοῦ.

278 1406 440 1494 καθάπερ
464 1408 594 1496 ε’έρηταέ
616 1431 675 1492 μοι
697 1405 876 1494 πρότερον,
903 1413 1037 1496 πέφυκε
1060 1401 1089 1473 δ’
1109 1402 1170 1489 οὐχ
1190 1401 1315 1490 ὁμοίως
1329 1401 1402 1488 πρὸς

279 1504 495 1597 ἀμφοτέρους
528 1507 607 1587 τοὺς
641 1518 856 1598 χαρακτῆρας
884 1505 1035 1596 εὐτυχής.
1067 1504 1152 1576 ὅταν
1178 1509 1243 1591 μέν
1272 1497 1330 1574 οάν
1355 1505 1403 1592 τὴν

280 1611 398 1700 ἰσχνὴν
422 1665 429 1678 .
452 1665 487 1678 ..
515 1610 695 1701 ἐπιτηδεύῃ
719 1611 858 1700 φράσιν,
892 1611 1045 1690 ἐκτόπως
1068 1606 1165 1699 ἡδεῖά
1187 1611 1259 1678 ἔστι
1281 1612 1334 1676 καλ
1356 1633 1402 1696 ηι-

278 1713 488 1800 λάνθρωττος
507 1765 514 1779 .
536 1766 542 1780 .
564 1766 570 1781 .
596 1737 629 1802 p.
648 1719 739 1782 96515
764 1709 847 1782 ὅταν
870 1710 902 1781 δ’
921 1715 970 1792 εἷς
992 1713 1053 1803 τὴν
1075 1715 1399 1800 περιττολογίαν...

279 1811 427 1904 ἀμετρον
448 1811 558 1905 ὁρμην
579 1815 676 1904 λάβη,
702 1819 820 1904 πολλῷ
841 1822 964 1905 χείρων
983 1817 1104 1905 ἑαυτῆς
1119 1821 1258 1902 γίνεται.
1284 1813 1402 1899 καὶγὰρ

281 1915 467 2008 ἀηδεστέρα
490 1929 547 2009 της
570 1920 687 2008 έτέρας
710 1923 767 1987 καὶ
789 1920 908 1989 κάκιον
930 1920 1150 2009 ἑλληνίζουσα
1173 1922 1229 1986 καὶ
1245 1923 1402 2002 παχυτέρα

281 2030 441 2112 φαίνεται
459 2076 465 2091 .
483 2075 490 2088 .
513 2077 519 2090 .
561 2025 725 2104 „Platonis
742 2025 911 2102 dialeotus,
937 2025 1110 2110 siquando
1127 2024 1402 2108 adrerumsnper-
1474 2021 1475 2038 ¹

280 2149 455 2195 vaouernm
478 2128 694 2214 expositiones
717 2149 753 2195 se
775 2129 942 2206 conuertit,
967 2148 1064 2211 qnam
1086 2128 1159 2214 ipsa
1176 2127 1268 2212 peior
1281 2125 1330 2204 fit;
1354 2126 1402 2190 ni-

278 2251 339 2299 nus
362 2231 446 2298 eninr
469 2252 565 2315 quarn
587 2233 691 2298 altere
713 2232 824 2297 suavis
847 2238 930 2298 est.“
976 2231 1026 2298 Do
1055 2232 1122 2296 alie
1149 2230 1287 2296 dialecto
1314 2247 1401 2295 seruo

278 2354 342 2400 non
364 2334 417 2400 fit:
450 2333 491 2400 de
517 2334 630 2400 eadem
661 2335 767 2420 potius
790 2341 823 2401 et
850 2337 973 2420 χείρων
1003 2332 1123 2421 ἑαυτῆς
1153 2333 1270 2400 dieitur
1295 2340 1326 2399 et
1353 2325 1402 2416 ᾇη-

279 2437 420 2522 δεοτέρο
443 2444 501 2524 της
524 2435 651 2523 έτέρος,
678 2438 764 2521 quod
787 2444 982 2522 quantopere
1005 2437 1048 2504 sit
1069 2437 1262 2520 absurdum,
1288 2437 1321 2502 iu
1341 2454 1401 2520 pro

279 2538 389 2624 patulo
411 2546 470 2604 est.
519 2540 626 2606 Verba
649 2547 707 2627 της
730 2538 846 2624 ἑτέρας
869 2540 1063 2624 interpolata
1085 2559 1157 2606 esse
1177 2539 1275 2621 idque
1297 2539 1336 2604 ab
1357 2557 1402 2603 eo

279 2641 353 2708 dem
375 2641 438 2708 nisi
461 2643 593 2727 egregie
616 2643 711 2708 fallor
733 2643 903 2726 Graeculo,
937 2643 987 2710 oui
1010 2643 1115 2728 priore
1137 2644 1209 2710 loco
1231 2642 1403 2708 τοιουτου

280 2744 404 2831 ἑτέρων
425 2745 592 2826 debentur,
622 2752 655 2812 et
682 2746 763 2812 ratio
793 2745 887 2812 dooet
916 2753 949 2812 et
978 2747 1068 2813 loeus
1096 2745 1256 2830 epistulae
1285 2745 1327 2810 ad
1352 2743 1401 2808 Cn.

278 2847 466 2933 Pompeium
484 2845 607 2934 probet,
633 2849 689 2915 ubi
703 2849 818 2915 eadem
841 2848 977 2934 repetitu
998 2849 1158 2934 leguntur,
1185 2869 1217 2934 p.
1234 2852 1338 2914 759ns
1358 2847 1403 2910 τοὶ
1472 2929 1473 2936 ¹

279 2946 342 3038 χάρ
374 2944 558 3038 ἀηδεστέρα
586 2951 644 3016 καλ
666 2949 784 3017 κάκιον
807 2949 1026 3040 ἑλληνίζουσα
1054 2952 1111 3016 καὶ
1137 2956 1313 3038 παχυτέρα
1336 2954 1404 3038 φαέ-

278 3076 388 3120 νεταιι
421 3055 476 3120 uhi
499 3061 557 3142 της
580 3052 713 3140 ἑτέρας,
740 3054 825 3138 quod
846 3055 942 3138 volgo
967 3062 1039 3139 post
1062 3048 1248 3142 ἀηδεστέρα
1276 3053 1402 3120 additur.

279 3178 300 3224 a
326 3156 489 3223 oodioibus
513 3158 545 3221 M
568 3164 600 3222 et
622 3157 687 3223 Ac
712 3157 818 3223 Gnosii
847 3157 1025 3224 rectissime
1058 3159 1168 3236 abest3
1209 3157 1251 3224 de
1272 3157 1403 3224 Pulutino

280 3259 359 3325 mihi
391 3280 454 3326 non
488 3267 613 3326 oonstut
640 3259 695 3344 (of.
722 3279 806 3343 quae
838 3281 914 3346 pag.
943 3266 981 3325 15
1015 3260 1084 3326 dini
1113 3260 1156 3328 ad
1184 3282 1218 3346 p.
1237 3265 1309 3328 26¹2
1336 3261 1403 3326 Her-

279 3362 409 3448 werd.).
458 3365 666 3448 Summopere
681 3370 788 3430 entem
811 3363 944 3444 mireris,
971 3364 1056 3446 quod
1071 3364 1308 3432 Hsrwerdenns
1322 3364 1401 3430 etim

279 3465 381 3531 invito
412 3465 541 3546 „oodioe
571 3473 648 3532 suo“
678 3467 777 3532 verbu
804 3473 862 3554 της
892 3465 1008 3553 ἑτέρας
1037 3487 1055 3534 e
1083 3468 1215 3551 volgato
1244 3465 1399 3534 revoesu't.

281 3567 372 3647 Quae
406 3577 440 3636 et
472 3569 532 3636 hoo
565 3569 606 3638 de
639 3590 701 3652 quo
734 3571 841 3652 agitur
876 3571 946 3638 loeo
980 3591 1020 3638 ex
1053 3571 1243 3638 auctoritate
1277 3569 1401 3638 oodionn

281 3672 314 3736 M
336 3679 369 3738 et
390 3672 452 3738 Ac
465 3694 508 3760 p.
528 3676 618 3738 75911
645 3671 784 3738 delenda
805 3693 908 3757 neque
936 3674 993 3740 illo
1022 3674 1091 3740 looo
1121 3693 1162 3739 ex
1183 3673 1244 3739 hoo
1272 3669 1400 3740 addentis

279 3781 365 3842 sunt.

367 3931 538 4015 p.{54311ss
554 3926 680 4014 ’Ἑγωχέ
695 3953 783 4017 φημι
798 3937 919 4017 χρῆναι
934 3927 1012 4006 τοὺς
1027 3930 1213 4013 μέλλοντος
1228 3925 1302 4013 οάχὶ
1316 3933 1399 4012 μέροςΙ

281 4057 314 4097 τι
329 4040 388 4120 τῆς
399 4033 576 4121 πολιτικῆς
592 4030 776 4118 δυνάμεως,
797 4027 866 4098 ἀλλ’
882 4027 964 4121 ὅλην
975 4026 1081 4120 αὐτὴν
1091 4031 1285 4121 κτήσασθαι
1299 4039 1399 4098 τοῦτον

284 4134 375 4216 ἔχειν
389 4133 450 4202 τὸν
465 4134 590 4224 ῥήτορα
607 4134 663 4202 διά
677 4133 799 4220 χειρός.
840 4137 989 4221 Corrigas
1011 4134 1258 4224 κτήσεσθαι.
1296 4135 1398 4217 Diont·

284 4237 351 4304 sius
373 4237 408 4303 in
430 4239 557 4324 seriptis
579 4239 745 4306 rhetoricis
761 4241 890 4306 verbum
914 4240 1049 4322 μέλλειν
1070 4241 1201 4326 saepius
1230 4259 1300 4306 oum
1321 4253 1398 4324 pree
