2982 4884
230 333 293 395 aaa
334 349 339 360 ·
666 361 711 374 -
757 327 840 410 [aaa]
887 361 932 372 -

230 511 475 602 πρωτεύσαντα
486 516 504 598 ¹)
543 512 752 611 μιμούμενος
792 507 810 582 ό
849 517 1087 600 Δημοσθένης.
1147 513 1256 576 1058ιε
1289 505 1385 584 τοὺς

232 616 496 705 πρωτεύσαντας
505 619 525 700 ²)
562 615 599 683 ἒν
631 611 748 694 αὐτοῖς
781 611 908 701 ἀνδρας
936 615 1102 704 ἐπῆλθον.
1151 616 1260 680 roura
1289 609 1385 687 τοὺς

230 719 494 810 πρωτεύσαντας
517 719 553 786 ίν
575 714 691 797 αὐτοῖς
714 721 869 808 διῆλθον.
915 719 1037 786 Eodem
1067 737 1164 784 seusu
1185 736 1248 800 quo
1270 738 1386 802 πρω-

230 824 340 893 τεόειν
360 824 532 892 adhibetur
553 823 686 890 verbum
703 820 919 890 δυναστεύειν
940 845 973 910 p.
993 825 1071 888 974⁶
1092 819 1171 898 τοὺς
1185 817 1387 887 δυναστεύ-

231 951 357 1004 σαντας
380 927 417 994 ἐν
439 920 554 1004 αὐτοῖς
580 925 899 1014 κατηριθμησάμην.
949 930 1045 994 rosas
1074 917 1206 1011 ἀρκέσει
1234 923 1270 989 δὲ
1305 930 1388 990 τῶν

232 1031 268 1100 ἐν
290 1030 404 1117 λόγοις
428 1028 727 1098 δυναστευσάντων
752 1079 760 1094 .
781 1079 789 1094 .
810 1080 818 1094 .
842 1027 903 1096 δύο
926 1033 1171 1116 παρασχέσθαι
1191 1024 1339 1112 μόνους.

317 1174 350 1238 p.
370 1155 475 1219 raasss
497 1155 579 1228 Πῶς
602 1143 644 1217 ἀν
657 1175 718 1234 μοι
731 1148 792 1238 τῆν
808 1144 1052 1238 ἀκριβεστάτην
1066 1148 1216 1234 βάσανον
1230 1141 1248 1214 ὃ
1265 1145 1388 1233 λόγος

233 1256 363 1340 ἐ’λαβεν,
390 1254 421 1322 εί
443 1253 487 1342 μή
510 1251 589 1330 τοὺς
612 1248 770 1341 ἀρίστους
792 1253 914 1340 λόγους
936 1261 1003 1321 τῶν
1020 1249 1229 1340 Ἰσοκράτους
1251 1275 1287 1319 τε
1317 1254 1388 1318 καὶ

232 1355 419 1434 Πλάτωνος
434 1369 505 1435 τοῖς
520 1361 712 1444 κρατίστοις
726 1363 792 1426 τῶν
800 1363 821 1443 ³)
840 1361 1088 1445 Δημοσθένους
1109 1350 1389 1442 ἀντιπαρέθηκα

232 1463 299 1542 καί,
326 1454 411 1526 καθ’
436 1457 454 1526 ὃ
477 1465 579 1548 μέρος
601 1455 721 1547 ἠττους
743 1459 776 1526 ol
799 1458 933 1528 τούτων
949 1457 1045 1546 λόγον
1064 1459 1130 1527 εἰσὶ
1145 1467 1210 1526 τῶν
1223 1458 1384 1543 ἐκείνου,

233 1561 319 1649 μετὰ
340 1563 454 1651 πάσης
477 1557 643 1651 ἀληθείας
666 1561 837 1644 ἐπέδειξας
871 1559 932 1647 οὐχ
954 1558 1091 1630 ἅπαντα
1114 1575 1184 1640 τοῖς
1205 1556 1390 1648 ἀνδράσιν

236 1667 377 1746 ἐκείνοις
399 1661 617 1754 ἡμαρτῆσθαι
638 1668 761 1752 λέγων·
786 1672 910 1750 μανίας
933 1665 996 1755 γὰρ
1012 1664 1110 1734 τοῦτό
1126 1689 1173 1752 γε·
1199 1660 1275 1732 ἀλλ’
1296 1662 1386 1734 οὐδ’

236 1767 372 1840 ἅπαντα
389 1769 510 1858 ἐπίσης
524 1775 790 1857 κατωρθῶσθαι.
831 1772 910 1840 Cum
926 1771 1073 1856 gradatio
1094 1765 1190 1855 (οὐδ’)
1208 1773 1389 1838 sententia

233 1876 440 1962 improbetur,
466 1874 606 1942 aar-ibera
627 1875 738 1940 malim
761 1867 837 1940 ἀλλ’
856 1869 925 1958 οὐχ
948 1868 1085 1942 ἅπαντα
1105 1873 1224 1961 ἐπίσης
1238 1898 1390 1958 κατωρ-

235 1982 388 2044 θῶσθαι.

322 2103 357 2167 p.
376 2084 415 2145 77
420 2085 466 2146 las
490 2085 653 2166 Κρεῑττον
676 2073 705 2144 δ
724 2068 764 2166 ἠν
783 2076 1002 2158 διεξελθόντα
1025 2077 1068 2146 τὰ
1085 2077 1199 2148 πάντα
1214 2083 1392 2172 τελευτὴν

236 2183 453 2272 ποιήσασθαι
474 2189 532 2270 τῆς
556 2181 706 2267 ἱστορίας
721 2183 791 2248 κτλ.
831 2182 1068 2250 Herwerdanus
1082 2183 1192 2250 invitis
1206 2185 1389 2255 uodiuibus

236 2299 389 2372 κρεῖττον
411 2279 443 2350 δ’
461 2281 537 2373 (ἀν)
560 2274 601 2372 ἠν
623 2285 767 2352 exhibuit
788 2285 928 2368 itemque
951 2307 984 2371 p.
1003 2289 1081 2352 8020
1109 2284 1319 2376 οἰκειότερον
1345 2287 1386 2357 δ’

237 2385 313 2479 (ἀν)
329 2378 384 2476 ἧος
409 2388 464 2473 qui
487 2389 515 2456 si
538 2395 689 2456 constans
711 2388 773 2456 sibi
791 2389 915 2472 fuisset,
941 2391 1192 2475 e.g.p.72311s
1213 2391 1260 2456 ila
1275 2393 1388 2462 edere

236 2493 362 2560 debuit:
399 2488 507 2568 πολὺς
529 2490 592 2579 γὰρ
616 2484 633 2557 ό
658 2493 738 2578 περὶ
761 2485 871 2558 αὐτῶν
893 2488 1009 2576 λόγος,
1042 2490 1082 2559 ὃν
1104 2487 1145 2560 oi
1168 2495 1277 2571 καλῶς
1292 2491 1387 2584 (ἂν)

238 2590 328 2678 εἶχεν
351 2593 467 2681 ἑτέρας
482 2601 615 2683 γραφῆς
629 2601 773 2683 ποιῆσαι
787 2593 969 2680 πάρεργον.
1009 2591 1068 2662 'Aa
1081 2597 1270 2681 particulam
1286 2609 1389 2667 utro-

238 2719 300 2783 que
333 2698 402 2764 loeo
434 2718 600 2784 perperam
635 2706 668 2765 et
696 2705 809 2766 eontra
838 2697 954 2765 Graeci
983 2700 1139 2765 sermonis
1168 2700 1328 2767 rationem
1365 2725 1389 2770 a

239 2803 308 2869 viro
334 2800 428 2868 doato
450 2802 574 2867 Batavo
602 2801 759 2868 intrusam
781 2820 854 2869 εεεε
876 2802 931 2868 vix
954 2809 1003 2868 est
1025 2802 1110 2885 quad
1132 2822 1293 2872 moneam:
1335 2809 1383 2873 os.

239 2905 440 2988 Kruagerum
462 2924 511 2988 gr.
530 2904 586 2969 Gr.
612 2905 630 2989 ξ
646 2909 698 2986 53,
714 2909 744 2986 2,
762 2908 790 2969 7.
832 2905 945 2972 Paullo
960 2905 1156 2972 diversarer
1170 2913 1219 2972 est
1233 2927 1266 2991 p.
1282 2911 1387 2977 761ο

242 3004 305 3092 ἐγὼ
334 3001 368 3072 δ’
393 3001 510 3093 ἠξίουν
535 3002 610 3095 (ἀν)
637 3007 834 3094 τηλικοῦτον
867 3001 974 3094 ἀνδρα
1003 3005 1228 3094 πεφυλάχθαι
1258 3015 1389 3078 πᾶσαν

241 3109 447 3197 ἐπιτίμησιν.
492 3109 685 3176 Particulam
709 3109 771 3176 etsi
792 3129 865 3177 aum
889 3109 1086 3177 Graecorum
1115 3128 1201 3177 more
1229 3111 1281 3176 hie
1313 3135 1386 3180 non

241 3221 380 3299 pugnat,
406 3220 517 3280 eontra
537 3212 687 3297 Dionysii
716 3221 824 3278 tamen
853 3213 1117 3280 consuetudinem
1139 3213 1386 3283 Harwerdenus

240 3316 422 3398 inculcavit,
447 3315 544 3398 idque
561 3333 599 3382 εο
621 3316 725 3400 magia
739 3316 875 3399 mireris,
902 3317 987 3399 quod
1009 3338 1041 3402 p.
1060 3319 1161 3400 96822,
1188 3317 1272 3384 unda
1294 3317 1386 3386 haee

241 3417 485 3502 repetitarum,
512 3426 598 3484 reatu
620 3419 738 3502 legitur
761 3415 825 3503 ἐγὼ
846 3413 878 3484 δ’
896 3413 1014 3506 ἠξίουν
1034 3420 1117 3501 κτλ,
1144 3420 1185 3486 as.
1210 3440 1243 3505 p.
1264 3425 1386 3488 104310

242 3517 307 3606 ἐγὼ
328 3515 358 3585 δ’
377 3515 492 3608 ἠξίουν
514 3519 628 3588 πάντα
650 3533 789 3606 γενναία
812 3516 901 3588 είναι
923 3523 979 3586 καί
1002 3523 1153 3610 σπουδῆς
1176 3517 1264 3602 ἀξια.

328 3624 401 3690 Non
416 3624 520 3690 minus
535 3625 683 3710 Dionysii
698 3626 798 3692 verba
811 3625 896 3692 idam
912 3626 1111 3707 deformavit,
1131 3645 1202 3692 aum
1217 3645 1249 3710 p.
1271 3629 1384 3694 78‘2sss

242 3728 289 3793 ita
303 3727 425 3794 ederat:
455 3724 664 3808 Θεόπομπος
687 3721 718 3792 δ’
738 3721 755 3793 ό
778 3731 891 3805 Χῖος.
912 3775 919 3791 .
942 3779 948 3793 .
974 3722 1068 3808 ἀξιός
1083 3725 1208 3816 (ἐστιν)
1224 3726 1384 3794 ἐπαινεῖ·

245 3835 331 3898 σθαι
353 3837 489 3917 πρῶτον
510 3830 574 3914 μὲν
595 3837 654 3917 τῆς
675 3823 877 3908 ὑποθέσεως
899 3838 966 3898 τῶν
988 3829 1145 3918 ίστοριῶκ
1168 3880 1175 3894 .
1257 3831 1384 3898 ἔπειτα

244 3930 314 4022 (δὲ)
341 3939 400 4022 τῆς
432 3931 637 4014 οἰκονομίας.
688 3935 794 4001 Verba
823 3929 917 4014 ἀξιος
946 3931 1166 4000 ἐπαινεῖσθαι
1198 3941 1234 4000 ut
1262 3935 1384 4003 mando

245 4075 451 4086 Ἣ

315 4159 333 4223 ¹]
354 4154 554 4228 apruntinum
567 4155 682 4213 Ralslr.:
704 4157 842 4210 πείσαντα
854 4157 914 4212 MR
932 4159 944 4224 ΙΙ
961 4157 981 4222 ²)
1003 4155 1219 4230 πρωτεύσαντας
1234 4157 1385 4216 Α.Κίεεε·

250 4241 318 4311 ling.
338 4243 356 4296 l.
378 4239 396 4295 l.
417 4259 444 4312 p.
459 4245 526 4297 250:
548 4237 673 4316 πρώτους
690 4240 774 4302 ὄντας
792 4243 851 4298 ΜΒ
879 4245 891 4310 ΙΙ
919 4243 940 4310 ³)
959 4245 1015 4297 τῶν
1032 4244 1099 4300 εδδ.
1119 4243 1261 4300 Humum
