3008 4884
251 351 292 413 so
688 383 733 392 -
780 348 864 430 [reo]
911 383 956 393 -

250 533 597 621 qaibnssineinv.1L
622 537 670 614 rt,
691 538 744 598 40.
792 533 894 613 Quem
917 533 1047 600 dieendi
1077 553 1170 599 usum
1194 533 1296 618 mags
1318 553 1387 598 ser·

249 639 353 704 monis
376 637 483 722 plebei
504 636 669 722 proprium
693 637 794 704 fuisse
817 637 958 703 maxime
983 635 1193 721 intellegitur,
1226 635 1259 701 ni
1281 635 1384 712 fallor,

253 759 296 806 ex
317 738 618 806 Iurisconsultornrn
646 757 810 822 sermone,
844 740 900 822 qui
929 759 1026 822 quam
1055 738 1193 805 fideliter
1213 739 1390 805 sentent

249 843 507 926 antiquissimum
530 859 622 907 usum
646 859 745 926 sopra
766 842 889 926 aliquot
907 841 1062 926 exemptis
1078 841 1385 920 demonstrarimns3

249 947 399 1014 videntur
427 953 534 1011 autem
564 945 598 1011 in
620 945 677 1011 illo
705 946 862 1012 formulae
884 968 943 1030 qao
966 947 1005 1010 da
1027 945 1145 1032 opiter,
1177 967 1238 1029 qua
1259 947 1298 1009 de
1320 947 1390 1030 api·

251 1058 303 1113 tar
323 1049 447 1114 similes
471 1048 572 1114 tuisse
595 1048 786 1115 sollemnes:
820 1048 887 1116 Cio.
911 1048 1063 1126 Verr.11,
1082 1051 1113 1128 1,
1136 1051 1184 1128 tt,
1205 1049 1240 1111 31
1268 1071 1330 1132 qao
1352 1050 1391 1111 da

249 1153 355 1238 agitur·
369 1153 403 1217 in
419 1151 580 1218 sententia
602 1151 734 1230 iudieis;
761 1152 825 1236 leg.
844 1151 983 1218 Malaeit.
1003 1151 1073 1216 ΟΠ,
1089 1151 1153 1216 vol.
1171 1150 1211 1229 11,
1234 1153 1328 1227 1961,
1350 1150 1387 1226 V,

250 1259 285 1319 41
307 1279 346 1320 ea
360 1277 411 1319 res
426 1277 487 1340 qua
502 1257 541 1319 de
555 1255 676 1340 epitom
697 1256 861 1339 eomplnra
874 1254 1024 1339 exempla
1033 1274 1075 1320 ex
1086 1253 1236 1338 Ulpiano,
1249 1254 1388 1332 Iuliano,

250 1357 344 1437 Gaio,
371 1359 470 1424 Paulo
492 1358 622 1442 collegit
636 1359 728 1424 Neue
740 1359 793 1424 ΙΙ2
807 1377 883 1442 pag.
901 1361 979 1434 tea,
1006 1357 1074 1423 alia
1093 1356 1192 1438 ¹{velut
1206 1357 1300 1422 Varr.
1319 1378 1345 1422 r.
1362 1379 1388 1421 r.

250 1465 280 1540 t,
294 1465 323 1542 2ἲ
337 1465 366 1533 ot
382 1459 503 1528 addere
515 1479 788 1546 supervacaneum
799 1467 860 1528 est.
886 1461 1027 1526 Primum
1039 1467 1147 1526 autem
1159 1460 1391 1544 loenmprono·

250 1583 323 1630 men
335 1564 503 1630 relativum
513 1564 641 1630 videtur
648 1563 824 1630 obtinuisse
836 1563 1130 1630 adsimilitudinem
1143 1563 1391 1630 eiusverborum

250 1668 389 1748 ordinis,
422 1667 477 1750 qui
506 1667 539 1732 in
568 1667 683 1734 esteris
706 1666 978 1734 enuntiationibus
1000 1667 1144 1734 relativis
1167 1666 1200 1732 in
1223 1683 1281 1731 usu
1306 1675 1387 1732 erat.

250 1771 287 1835 In
310 1771 425 1853 quibus
448 1787 519 1835 eum
550 1771 736 1854 plerumque
767 1788 940 1855 pronomen
970 1770 1141 1836 relativum
1169 1769 1203 1835 in
1230 1769 1392 1854 principio

250 1873 387 1958 positum
410 1882 507 1951 esset,
534 1874 651 1939 fastum
675 1880 736 1952 est,
763 1880 798 1939 ut
820 1893 878 1940 eae
902 1893 1026 1957 qnoque
1051 1871 1247 1958 pronominis
1262 1874 1392 1940 relativi

251 1977 382 2058 formae,
417 1997 501 2058 quae
531 1997 572 2043 ex
598 1976 837 2062 praepositione
866 1977 974 2059 aliqua
1004 1976 1197 2061 penderent,
1234 1976 1267 2040 in
1297 1976 1393 2042 initio

251 2078 479 2146 enuntiationis
503 2081 743 2158 eolloosrentur,
777 2080 850 2164 ipsa
872 2079 1069 2165 praepositio
1092 2078 1230 2146 mundo
1253 2099 1393 2163 ponere-

252 2191 303 2248 tur
324 2184 406 2248 loeo.
453 2182 533 2250 Inde
563 2183 615 2249 hie
644 2201 720 2250 usus
751 2184 907 2274 paulatim
937 2183 970 2248 in
999 2183 1081 2249 alias
1110 2202 1235 2266 quoque
1262 2191 1394 2267 praeter

251 2286 404 2352 relativas
426 2305 521 2352 voees
544 2285 671 2353 videtur
700 2287 876 2353 transiisse.
924 2286 975 2353 Of.
1000 2285 1165 2352 Hellmuth
1195 2294 1258 2352 aet.
1283 2286 1355 2352 Eri.
1378 2287 1394 2352 1

250 2409 326 2474 pag.
347 2393 405 2452 147
430 2409 479 2471 sq.

337 2493 360 2572 u}
388 2491 603 2558 Memorabilis
634 2498 683 2557 est
712 2493 801 2558 loeus
831 2491 1063 2558 Oornitioinnns
1087 2492 1141 2564 lV.
1168 2497 1218 2569 tt,
1246 2495 1283 2556 tt
1316 2503 1394 2577 post

251 2595 306 2660 ille
328 2594 496 2661 carentiam
514 2595 602 2680 feeit
625 2604 656 2659 et
677 2596 777 2679 mapir
803 2594 962 2681 mapisqne
986 2604 1155 2678 praesente
1184 2596 1291 2660 multus
1323 2599 1394 2661 ela-

250 2698 348 2763 marn‘t
375 2699 552 2782 (praesente
574 2696 667 2766 oodd.
692 2698 741 2777 Ire,
767 2698 838 2764 rell.
858 2698 1105 2781 praesentibus),
1131 2699 1185 2764 ubi
1206 2711 1391 2782 praesente,

250 2802 343 2884 quasi
365 2801 408 2867 sit
429 2801 633 2885 praepositio,
660 2799 702 2866 ad
720 2797 961 2867 similitudinem
984 2801 1162 2884 particulae
1184 2823 1290 2866 coram
1314 2823 1395 2869 eon-

249 2905 392 2988 inngitur
419 2923 492 2970 oum
521 2903 664 2969 ablativo
692 2903 845 2987 plurativi
875 2904 1010 2969 numeri.
1065 2903 1173 2986 Viguit
1201 2913 1308 2972 autem
1338 2905 1393 2973 hie

251 3025 327 3072 usus
361 3007 425 3074 iam
458 3005 546 3091 apud
579 3005 702 3091 priseos
730 3005 918 3090 scriptores:
957 3007 1062 3072 Plaut.
1087 3005 1207 3074 Baeeh.
1235 3014 1262 3087 t,
1289 3011 1323 3086 t,
1349 3011 1391 3074 34

248 3109 513 3193 praesentatam
540 3108 582 3174 et'.
602 3111 676 3175 Ter.
695 3110 776 3173 Eun.
797 3114 827 3188 1,
844 3109 1164 3185 &tetrastemoria
1204 3111 1255 3177 01.
1274 3113 1392 3178 Hoitee

250 3213 265 3277 I
288 3233 364 3297 pag.
384 3215 460 3277 352.
484 3213 517 3277 ΙΙ
539 3231 615 3296 pag.
636 3215 707 3276 196.
756 3211 795 3276 Ε.
821 3211 952 3292 Bourbe,
978 3211 1019 3278 de
1041 3213 1175 3280 ablativi
1198 3214 1303 3280 absol.
1330 3235 1391 3280 usn

254 3315 388 3401 (Gryph.
417 3319 509 3392 18771
537 3335 569 3400 p.
590 3319 630 3379 10
646 3335 694 3397 sq.

532 3435 604 3520 §o
638 3431 695 3501 De
717 3437 1101 3502 coniunctionibus.

338 3539 425 3602 Danu
447 3538 702 3605 comessionem
719 3557 800 3622 quae
823 3539 982 3623 significet
996 3539 1165 3604 raaetranct
1183 3539 1297 3605 Cicero
1318 3560 1391 3606 oum

250 3641 430 3726 imperteeti
458 3639 632 3707 indicativo
654 3643 809 3708 construit
840 3641 918 3709 loeis
946 3642 1034 3708 haud
1063 3642 1108 3708 ite
1130 3642 1257 3708 multis:
1291 3643 1387 3710 Rosa.

249 3745 321 3809 Am.
342 3745 392 3824 32,
413 3747 450 3808 91
477 3743 551 3808 dam
573 3743 600 3808 e's
622 3744 656 3808 in
672 3745 745 3808 aliis
767 3747 859 3810 retas
873 3753 943 3810 erut
959 3755 1136 3829 occupatas,
1163 3745 1217 3829 qai
1234 3767 1389 3810 omninum

248 3869 354 3912 reram
376 3845 629 3923 administrabat,
657 3857 746 3912 nant
768 3846 889 3913 interea
912 3849 968 3932 qai
987 3855 1066 3914 eta:
1092 3848 1217 3931 relique
1239 3849 1391 3934 exempla

249 3951 381 4034 ooilegit
413 3949 558 4034 Draeger
587 3949 621 4015 ΙΙ
653 3969 728 4035 pag.
755 3955 829 4015 575.
886 3936 937 4018 ot.
973 3952 1071 4017 etiarn
1104 3951 1271 4018 Antibarb.
1308 3973 1386 4036 pag.

250 4055 311 4118 388
329 4074 377 4136 sq.
424 4053 519 4119 Hand
542 4051 635 4118 Turs.
655 4053 686 4118 Π
710 4074 785 4137 pag.
805 4057 878 4120 3111.

335 4155 449 4240 Itaqra
479 4155 667 4240 particulam
691 4153 835 4239 Draeger
864 4164 950 4240 synt.
982 4155 1058 4222 hist.
1083 4158 1147 4224 rol.
1174 4153 1206 4221 11
1229 4175 1304 4242 pag.
1329 4159 1390 4221 179

249 4263 433 4323 constanter
466 4255 541 4340 poni
573 4257 606 4322 in
636 4259 794 4343 principio
823 4259 1049 4325 enunfietionis
1084 4266 1116 4326 et
1145 4258 1232 4343 apud
1264 4255 1390 4343 priseos
