3048 4898
553 367 592 376 -
640 327 714 412 [oe]
760 367 801 377 -
1211 329 1245 391 rr

103 525 249 590 versibus
271 524 415 610 aprime
438 523 479 588 ad
503 525 758 590 trecentesimum
780 523 935 600 nullum,
959 524 991 588 in
1014 523 1251 608 insequentibus

104 653 206 718 usque
229 633 269 698 ad
288 630 487 698 millesimum
506 631 885 716 duodequadragesimum
903 651 967 698 sex
989 630 1039 696 bis
1061 631 1180 714 positos
1203 631 1251 694 in-

104 741 281 815 veniamus,
308 738 382 804 inde
408 737 449 804 ab
476 737 537 804 hoc
564 759 663 821 usque
690 739 731 804 ed
755 759 879 806 versum
904 738 990 803 1220
1017 737 1251 821 duodequin-

104 847 292 930 quaginta
315 865 423 911 versus
445 845 561 910 iterum
583 843 724 928 legimus.

175 953 236 1031 Qui
266 953 364 1038 igitur
385 949 455 1017 fieri
477 951 596 1036 potuit,
623 959 659 1017 ut
687 953 719 1016 in
742 951 917 1036 posteriore
940 952 1138 1034 potissimum
1162 957 1252 1036 parte

105 1067 158 1126 tot
174 1081 283 1126 versus
305 1060 421 1125 iterum
443 1079 464 1123 a
484 1057 625 1123 librariis
647 1058 679 1123 in
703 1065 825 1124 textum
844 1059 1069 1143 reciperentur,
1091 1059 1123 1124 in
1147 1059 1252 1142 priore

106 1173 217 1232 autem
239 1187 260 1230 a
281 1166 384 1250 primo
402 1165 443 1230 ud
462 1163 661 1230 millesimum
682 1186 807 1232 versum
825 1170 891 1232 tam
909 1165 1002 1249 pauci
1021 1165 1252 1231 insererentur?

106 1273 190 1338 Eam
212 1293 275 1338 uon
300 1271 396 1339 luisse
420 1292 556 1350 causam,
578 1293 675 1354 quam
696 1271 894 1340 Nietzschius
917 1271 1068 1348 defendit,
1090 1278 1251 1357 tamquam

107 1379 164 1446 filo
186 1381 324 1464 quodam
347 1379 444 1445 rubro
468 1378 690 1445 vocabulorum
713 1399 799 1456 eum,
821 1380 876 1463 qui
899 1379 1101 1464 Theognidea
1127 1401 1252 1446 conser-

107 1489 276 1564 cinnverit,
303 1487 443 1571 singulas
466 1486 639 1552 sententies
662 1493 826 1552 conectere
848 1493 957 1570 atque,
983 1486 1038 1551 ubi
1065 1485 1152 1553 filum
1174 1487 1253 1553 illud

108 1594 276 1660 verborum
303 1596 516 1678 interruptum
545 1593 715 1671 invenerit,
741 1591 839 1660 infixe
870 1593 971 1660 sltera
997 1594 1154 1661 sententia
1180 1616 1253 1661 con·

109 1700 215 1768 silium
242 1707 339 1784 atque
366 1702 522 1768 rationem
549 1701 632 1766 tueri
661 1699 831 1778 studuisse,
859 1701 1126 1784 supradiximus.
1176 1701 1254 1768 ludo

110 1811 215 1892 potius
243 1809 370 1874 uidetur
391 1807 598 1893 repetendum
626 1828 708 1884 esse,
730 1814 766 1872 ut
793 1815 843 1873 tot
869 1829 978 1875 versus
1000 1807 1124 1892 saepius
1146 1829 1254 1874 occur-

111 1921 197 1992 rant,
225 1917 310 2000 quod
332 1913 482 1981 librarius
505 1913 680 1999 complures
702 1915 849 1998 deinceps
871 1914 1144 1999 Theognideorum
1167 1914 1253 1999 irog-

112 2029 289 2087 mentorum
302 2021 438 2107 syllegae
455 2024 502 2088 ite
515 2023 709 2106 conscripsit,
728 2027 765 2087 ut
777 2045 816 2088 ex
831 2022 876 2088 eis
890 2021 1039 2100 versibus,
1053 2022 1107 2107 qui
1122 2020 1254 2088 fortasse

111 2137 167 2194 aut
189 2131 293 2196 eidem
315 2136 372 2195 aut
394 2129 511 2196 similes
534 2129 567 2194 in
589 2128 780 2214 anthologiis
803 2149 882 2214 quas
904 2130 1061 2212 excerpsit
1079 2129 1255 2206 exstabant,

113 2235 280 2303 nonnullos
303 2237 443 2320 quidem,
470 2257 549 2320 quos
571 2257 605 2302 se
627 2235 691 2302 iam
714 2257 809 2320 supra
831 2235 1033 2321 descripsisse
1055 2236 1255 2313 meminisset,

114 2365 169 2409 nec
191 2351 300 2409 tumen
322 2363 430 2410 omnes
452 2343 621 2410 omitteret.

201 2451 270 2516 Iam
288 2471 362 2516 vero
385 2471 424 2514 ex
447 2457 526 2534 quot
548 2449 797 2535 fragmentorum
820 2450 948 2535 syllogis
972 2451 1004 2516 in
1027 2471 1124 2516 unum
1142 2469 1255 2534 corpus

114 2558 276 2626 reductum
299 2557 342 2624 sit
363 2557 563 2624 corollarium
586 2562 729 2624 nostrum
752 2557 923 2640 quaeritur.
969 2559 1017 2624 Ea
1039 2559 1079 2624 de
1101 2579 1137 2624 re
1159 2577 1255 2641 quae-

115 2666 175 2731 stio
202 2667 304 2749 prima
330 2664 435 2748 specie
461 2685 524 2729 non
552 2667 598 2730 ita
624 2661 762 2730 difficilis
789 2665 913 2731 videtur
936 2686 1010 2732 esse.
1056 2663 1254 2730 Percurrenti

117 2772 198 2836 enim
224 2769 397 2837 Nictzschii
419 2777 605 2856 argumenta
635 2772 668 2857 (l.
689 2771 708 2836 l.
730 2793 759 2856 p.
786 2771 848 2837 165
868 2772 942 2857 sq),
973 2771 1088 2855 quibus
1110 2792 1255 2838 versuum

116 2878 334 2961 repetitionem
362 2877 519 2962 explicare
546 2878 680 2955 studuit,
708 2879 810 2942 virum
833 2878 960 2945 doctum
983 2881 1178 2946 existimasse
1199 2901 1255 2963 ap-

118 2984 253 3067 parebit,
279 3006 349 3050 curn
372 3007 480 3051 versus
503 2986 576 3052 209.
596 2985 662 3051 210
688 2991 759 3068 post
782 3007 808 3050 v.
832 2985 897 3050 332
924 2991 1155 3069 repeterentur,
1182 2991 1256 3050 ante

118 3113 145 3154 v.
168 3091 231 3156 332
256 3111 357 3156 novae
383 3091 577 3160 collectionis
604 3093 730 3158 initium
756 3092 958 3158 statuendum
981 3113 1062 3169 esse,
1088 3097 1156 3156 tum
1183 3110 1256 3158 vero

119 3219 188 3263 cum
208 3219 316 3265 versus
342 3197 541 3265 1095.1096
566 3206 637 3286 post
660 3219 686 3264 v.
708 3199 793 3266 1160
815 3199 931 3264 iterum
953 3207 1158 3283 ponerentur,
1185 3205 1256 3284 post

120 3325 146 3368 v.
172 3307 253 3372 1096
277 3305 411 3372 alteram
429 3326 541 3372 novam
559 3305 712 3392 syllogam
730 3306 891 3389 incepisse.
927 3307 1029 3385 Quam
1046 3303 1255 3372 ratiocinandi

121 3411 200 3475 viam
221 3412 248 3477 si
271 3431 471 3496 pergeremus
495 3414 654 3496 persequi,
681 3433 828 3496 magnum
849 3411 1068 3478 collectionum
1094 3431 1256 3478 numerum

122 3517 264 3584 exhibere
287 3539 476 3602 cogeremur.

207 3624 268 3692 Sed
301 3647 341 3690 ne
372 3625 491 3691 diutius
523 3627 557 3690 in
588 3626 638 3692 his
670 3647 827 3693 moremur
857 3624 1117 3709 quaestiunculis,
1149 3623 1257 3690 statim

124 3735 305 3798 sentemiam
327 3737 468 3798 nostram
490 3731 701 3816 profiteamur.
748 3733 826 3798 Inde
844 3734 926 3797 enim
943 3754 963 3796 a
980 3752 1073 3798 versu
1091 3730 1257 3796 millesimo

124 3845 214 3922 atque
244 3839 323 3904 adeo
356 3848 391 3904 ut
422 3840 599 3906 accuratius
634 3837 833 3918 definiamus,
864 3839 947 3905 iuter
977 3861 1101 3906 versum
1134 3837 1197 3904 878
1226 3844 1259 3902 et

128 3943 206 4010 1038
230 3966 328 4010 novae
351 3945 543 4012 collectionis
566 3947 691 4012 initium
709 3946 921 4014 intercessisse
938 3946 1139 4030 suspicamur.
1176 3943 1256 4010 Nam

126 4051 205 4131 quod
237 4057 309 4136 post
336 4052 421 4118 hunc
447 4075 570 4120 versum
601 4053 685 4119 1038
714 4053 843 4120 crebrae
870 4051 949 4117 finnt
975 4053 1193 4138 repetitiones,
1224 4051 1256 4116 id

127 4155 215 4221 aliter
240 4157 391 4242 explicari
414 4161 465 4224 vix
488 4166 593 4245 potest
616 4161 676 4226 nisi
700 4161 746 4226 ita
768 4168 804 4227 ot
826 4181 939 4226 novam
961 4161 1000 4225 ab
1023 4158 1173 4226 hocloco
1196 4159 1257 4244 syl-

129 4261 225 4345 logam
247 4264 400 4348 incepisse
423 4273 606 4334 statuamus.

213 4371 262 4448 ‚lt
293 4371 389 4440 etiam
421 4375 453 4437 in
481 4373 622 4441 versibus
654 4374 707 4456 qui
735 4395 763 4438 v.
790 4373 854 4439 878
886 4375 1075 4440 antecedmrt
1106 4373 1257 4456 quosdam
