3010 4896
516 345 556 355 -
605 307 678 391 [aa]
725 347 766 356 -
1172 307 1215 372 35

87 501 121 565 Hi
149 515 255 569 autem
287 523 395 568 versus
427 503 629 580 sententiam,
666 524 747 586 (puae
780 503 813 566 iu
845 526 890 568 vv.
920 503 1095 568 eae-718
1129 503 1219 580 inest,

85 607 202 674 uberius
229 610 404 686 illustrant,
433 609 592 693 totiusque
621 610 681 674 loci
705 608 911 697 (699-152)
939 616 1101 692 tamquam
1128 631 1219 694 pero-

86 717 158 782 ratio
175 715 314 782 elficitur
332 715 473 782 versibus
489 717 589 780 153ῃ
601 715 663 781 156
678 716 855 800 Theognidi
873 717 1079 782 vindicandis.
1116 717 1219 801 Atque

85 823 149 887 olim
181 845 288 890 versus
323 822 496 888 roe-756
533 845 604 888 cum
637 824 780 890 versibus
813 824 988 889 oce-718
1021 831 1090 889 arte
1123 824 1219 889 fuisse

83 931 257 997 coniunctos
280 931 546 1014 sententiamque,
573 952 654 1014 quae
689 933 721 995 iu
749 954 795 996 vr.
820 929 994 996 699-718
1024 932 1119 1008 inest,
1146 952 1219 996 oon-

84 1037 202 1104 olusisse
221 1038 306 1123 apud
324 1061 374 1103 me
392 1037 458 1104 fere
477 1043 609 1103 constat.
646 1038 677 1104 Is
696 1045 802 1103 autem
820 1041 874 1121 qui
894 1037 1106 1103 collectionem
1127 1039 1220 1102 ador-

83 1147 161 1209 navit
193 1168 232 1211 ex
263 1146 326 1210 alio
358 1147 453 1230 poeta
484 1143 624 1210 versibus
652 1165 730 1228 quos
757 1152 833 1229 apte
861 1145 1017 1210 conferret
1045 1145 1219 1228 desumptis

83 1251 246 1318 clausulam
261 1275 307 1316 rr.
319 1249 493 1321 153--756
512 1253 649 1334 primum
667 1253 853 1336 segregavit,
872 1253 985 1317 deinde
1001 1259 1102 1316 toturn
1117 1253 1219 1317 locum

82 1359 239 1424 sententiis
272 1365 398 1424 auctmn
430 1365 463 1423 et
491 1365 675 1424 exornatum
708 1358 849 1424 clausula
880 1359 936 1425 Illa
967 1357 1082 1423 finivit:
1113 1365 1220 1423 ταῦτα

82 1461 208 1546 μαθών,
232 1459 306 1548 φίλ’
330 1460 448 1550 ἑταῖρε,
471 1469 541 1529 κτλ.

165 1571 242 1648 Hoc,
264 1573 347 1655 quod
372 1572 411 1637 de
429 1571 572 1637 versibus
596 1572 770 1637 699-«756
790 1569 928 1648 fecimus,
951 1571 1101 1638 iudicium
1124 1592 1218 1636 unum

86 1679 204 1760 quidem
233 1679 390 1744 distichon
413 1678 554 1744 versibus
575 1678 749 1744 729-130
768 1699 946 1762 expressum
967 1680 1008 1744 ad
1026 1679 1151 1742 irritmn
1170 1699 1219 1742 re-

84 1785 184 1868 digere
207 1787 338 1852 videtur.
385 1787 475 1865 Quod
499 1807 569 1850 curn
587 1785 628 1850 ab
646 1787 792 1852 universo
811 1785 895 1851 illius
914 1787 975 1852 loci
993 1787 1218 1852 sententiarum

84 1913 157 1956 nexu
184 1893 319 1958 alienum
349 1894 405 1969 sit,
436 1894 541 1958 nescio
569 1913 631 1976 quo
660 1892 726 1958 fato
750 1899 860 1976 postea
883 1895 915 1956 in
943 1899 1063 1958 textum
1092 1892 1219 1958 aliunde

84 2007 235 2082 receptum
260 2019 327 2066 osse
349 1998 497 2066 arbitror.

593 2221 704 2302 VIII.

167 2407 303 2485 Quorum
333 2407 468 2492 denique
490 2408 653 2473 hominum
680 2409 713 2472 in
740 2429 831 2472 usum
854 2407 992 2492 syllegae
1015 2415 1218 2474 nostraeex-

87 2519 204 2598 carptae
230 2515 307 2592 sint,
335 2522 421 2580 certo
448 2516 500 2579 vix
524 2515 585 2579 dici
609 2520 721 2598 potest.
769 2514 881 2580 Varias
904 2515 988 2579 enim
1010 2516 1149 2580 rationes
1173 2538 1220 2580 se·

87 2627 169 2684 cntos
199 2643 265 2686 esse
294 2642 360 2698 eos,
393 2623 448 2706 qni
479 2623 512 2686 in
544 2621 730 2705 colligendis
763 2621 1047 2704 componendisque
1079 2628 1221 2688 veterum

87 2730 240 2808 poetam
258 2729 444 2812 fragmentis
463 2749 591 2813 oporam
614 2729 855 2804 collocaverunt,
878 2733 1023 2812 apertum
1047 2736 1103 2793 est.
1139 2729 1219 2794 Nam

88 2832 219 2901 homines
242 2837 382 2920 privatos
406 2837 460 2918 qni
483 2836 662 2901 litterarum
685 2836 790 2900 studio
814 2835 1047 2900 delectarentur
1070 2837 1221 2900 adsum

89 2941 143 3005 sibi
172 2965 325 3027 quemque
356 2965 447 3008 usum
480 2943 679 3008 collectiones
711 2963 749 3006 ex
780 2941 1024 3008 clarissimorum
1057 2947 1220 3027 poetarum

89 3049 268 3115 carminibus
290 3056 347 3114 aut
370 3052 453 3134 ipsos
476 3071 672 3133 comparasse
694 3055 751 3114 ant
773 3049 844 3114 aliis
868 3049 1028 3114 faciendas
1051 3049 1220 3113 tradidisse

91 3155 152 3220 iure
173 3159 315 3222 conicias.
360 3155 498 3221 Maxime
521 3164 627 3222 antem
651 3155 684 3220 in
707 3177 797 3220 usum
821 3155 998 3220 scholarum
1020 3175 1041 3218 a
1062 3175 1219 3237 gramma·

90 3261 154 3327 ticis
180 3265 225 3328 vel
253 3287 272 3329 a
300 3264 448 3328 ludorum
475 3263 635 3346 magistris
663 3261 815 3327 eiusmodi
839 3261 1038 3326 collectiones
1062 3261 1221 3328 confectae

91 3375 162 3432 sunt
210 3369 402 3454 Theognidis
430 3391 504 3434 vero
532 3370 672 3434 carmina
698 3369 833 3433 maxime
861 3368 974 3432 idonea
1006 3375 1109 3445 erant,
1141 3390 1221 3452 quae

92 3473 217 3542 inhnnc
239 3499 330 3542 usum
354 3481 606 3560 excerperentur.
651 3475 689 3540 In
712 3475 835 3540 Atticos
858 3474 986 3557 quidem
1008 3474 1099 3538 ludos
1118 3473 1220 3538 Theo-

90 3583 184 3660 gnidis
210 3583 427 3667 gnomologiae
454 3604 517 3649 non
545 3603 633 3648 secus
656 3589 751 3665 atque
768 3581 905 3646 Hesiodi
928 3582 1113 3656 sententias,
1141 3601 1221 3664 quae

91 3686 145 3753 am
167 3689 323 3756 Pisistrati
346 3689 480 3754 fortasse
503 3695 609 3755 aetate
632 3711 670 3755 ex
693 3688 849 3772 Operibus
873 3692 905 3752 et
928 3687 1047 3752 Diebus
1071 3686 1220 3751 collectae

90 3793 280 3862 instituendis
307 3797 413 3880 pueris
442 3795 755 3874 commendabantur,
788 3796 851 3860 Iam
878 3795 1052 3876 antiquitus
1079 3800 1221 3876 receptas

91 3921 149 3968 csse
167 3909 295 3970 constat.
306 3905 332 3988 ¹)
375 3901 417 3967 At
435 3902 633 3968 NIetzschius
651 3908 776 3968 nostras
795 3901 929 3985 syllogus
948 3900 1074 3965 minime
1093 3899 1222 3963 idoneas

91 4005 177 4076 inisse
203 4009 379 4086 contendit,
407 4030 486 4094 quae
514 4010 546 4074 in
574 4010 752 4075 litterarum
779 4008 863 4073 ludis
884 4012 1148 4092 proponerentur:
1180 4006 1221 4070 ad

90 4115 177 4182 talem
201 4119 284 4184 enim
310 4139 402 4182 usum
430 4117 570 4182 carmina
596 4116 714 4182 leviora
737 4121 769 4180 et
792 4115 909 4181 lasciva
932 4120 964 4179 et
985 4113 1134 4178 indecora
1156 4132 1221 4175 om-

136 4237 148 4242 ·
165 4239 191 4344 I)
207 4240 351 4346 (IIrTAug.
371 4276 515 4332 Steitqum
538 4275 592 4342 ,die
611 4277 715 4330 Werlre
735 4275 789 4330 und
812 4275 887 4344 Tage
911 4275 959 4328 des
979 4271 1122 4329 Hesiodosl
1146 4271 1220 4341 Lips.

92 4363 153 4417 1869
171 4383 299 4434 prooem
318 4365 369 4420 cfr.
389 4365 472 4420 etiam
492 4365 562 4419 Plat.
582 4364 634 4432 leg.
654 4365 728 4430 VIII,
747 4365 840 4419 81011.

1026 4451 1063 4504 6*
