3008 4884
277 322 318 384 32
713 351 757 360 —
805 315 888 396 [378]
936 350 980 360 -

301 539 307 548 ·
364 509 510 571 Potestas
544 502 733 568 vocabulum
764 501 953 568 Cornificius
987 501 1089 566 semel
1121 499 1202 566 dixit
1235 500 1278 565 de
1310 498 1411 564 verbis

143 619 147 628 ’
277 612 333 688 IV,
353 614 405 689 54,
425 611 484 672 67:
518 629 555 670 eo
582 605 778 688 reperientur
797 604 921 691 focile,
957 603 987 666 εἰ
1013 603 1189 668 macrianae
1218 611 1250 667 et
1279 603 1411 667 cacatum

277 711 506 779 cdoertem'mae
536 711 698 773 amborum
731 707 884 791 campitas
916 715 973 770 cat
1004 705 1190 789 multiplicis
1220 713 1408 789 potestates:

278 816 392 883 eadem
415 813 503 880 vocis
526 811 612 878 notio
634 810 754 894 legitur
775 810 808 875 in
831 817 988 894 argentea
1016 809 1148 892 linguae
1169 808 1290 874 latinae
1311 817 1413 875 aetate

278 917 366 1004 apud
382 917 457 984 Son.
476 916 551 982 ben.
572 917 602 996 2,
619 917 671 991 34,
687 918 724 982 4:
750 919 919 998 praetcrea
941 933 970 978 e.
989 933 1021 996 g.
1041 911 1129 997 apud
1146 911 1229 978 Gell.
1253 918 1302 991 10,
1319 915 1372 976 29.
1389 919 1409 974 t.

279 1023 405 1088 Aureae
428 1017 546 1086 aetads
574 1023 721 1082 auctores
752 1035 823 1080 cum
846 1016 943 1082 verbo
969 1024 1111 1098 potestas
1138 1015 1221 1081 alias
1249 1015 1413 1081 tribuerint

279 1124 436 1204 notiones,
471 1120 512 1186 de
541 1119 708 1186 vocabulis
739 1118 845 1185 dicere
875 1119 998 1185 malunt
1021 1119 1068 1182 oia
1096 1118 1181 1182 nouo
1209 1118 1410 1204 sionpteotio:

279 1227 321 1294 ot.
347 1225 513 1290 Antibarb.
540 1243 616 1307 pag.
636 1225 710 1286 891.

365 1329 435 1393 Hoc
457 1328 528 1392 loco
551 1345 634 1409 quae
663 1326 704 1391 de
727 1344 787 1390 usu
809 1324 1033 1391 adverbiorum
1057 1327 1132 1388 nats
1153 1331 1185 1390 et
1206 1333 1301 1388 aaran
1331 1325 1413 1409 apnd

281 1429 485 1498 Cornificium
515 1437 548 1494 et
576 1429 609 1494 in
640 1428 752 1512 primis
776 1427 942 1494 Ciceronis
970 1427 1062 1493 libris
1092 1426 1229 1494 dicanda
1254 1427 1411 1506 videntur,

281 1533 450 1619 proferam.
499 1535 585 1596 Anto
608 1531 702 1612 enim,
729 1551 803 1596 cum
826 1530 902 1596 olim
925 1529 1111 1596 adverbium
1134 1529 1239 1607 fuerit,
1267 1530 1302 1595 in
1324 1550 1413 1614 prae-

281 1636 448 1722 positionis
470 1654 563 1700 usnm
579 1633 802 1718 degeneravit;
830 1633 990 1716 antiquior
1011 1641 1118 1699 tamen
1141 1641 1238 1717 atque
1259 1635 1413 1716 genuinus

280 1740 336 1806 illo
370 1758 449 1804 usus
481 1756 545 1803 non
572 1743 696 1802 tantum
729 1737 764 1801 in
793 1736 888 1802 certis
918 1735 1110 1818 quibusdam
1141 1757 1180 1802 ac
1208 1737 1413 1802 sollemnibus

281 1841 427 1908 formulis
450 1842 575 1924 integer
597 1840 794 1919 remanebat,
821 1838 993 1905 sedetiam
1015 1844 1213 1923 praetereas
1228 1838 1317 1924 apud
1340 1859 1412 1904 non-

282 1946 387 2011 nullos
410 1944 583 2028 scriptores
605 1943 709 2027 magis
732 1942 878 2009 minusve
900 1942 1042 2026 vigebat.
1084 1943 1183 2008 Velut
1205 1943 1339 2009 Plautus
1360 1943 1413 2008 ad-

281 2048 392 2114 verbio
415 2055 508 2111 antea
530 2065 688 2128 nusquam
712 2063 789 2111 usus
813 2051 880 2126 est,
913 2045 1086 2111 Terentius
1108 2046 1209 2111 semel
1231 2047 1317 2112 And.
1341 2053 1365 2122 t,
1389 2054 1409 2111 t.

283 2155 324 2214 25
346 2151 381 2215 in
403 2155 547 2215 extremo
570 2148 697 2214 senario
724 2148 774 2228 (cf.
801 2147 879 2212 Brix
902 2146 945 2213 ad
967 2149 1015 2212 Pl.
1033 2149 1123 2214 Trin.
1142 2151 1236 2231 568l3
1263 2149 1340 2216 item
1362 2170 1413 2215 ne-

282 2273 343 2336 que
365 2252 399 2316 in
422 2251 611 2318 comicorum
642 2269 746 2332 noque
775 2251 809 2315 in
830 2250 1023 2334 tragicorum
1057 2258 1225 2336 poetarum
1254 2271 1356 2336 neque
1383 2253 1411 2316 in

283 2354 397 2420 Lucilii
427 2373 530 2437 neque
563 2354 597 2418 in
619 2353 772 2419 Varronis
794 2361 974 2419 saturamm
996 2354 1235 2439 Menippearum
1263 2373 1363 2438 noque
1383 2355 1413 2418 in

282 2457 512 2522 Historicorum
551 2456 727 2541 priscorum
771 2455 959 2540 fragmentis
999 2465 1094 2521 caton
1129 2475 1264 2538 usquam
1302 2457 1413 2541 depre-

282 2559 399 2638 bendi;
437 2566 547 2626 contra
577 2567 670 2624 anteo
697 2559 815 2641 legitur
842 2559 876 2623 ln
904 2559 1093 2642 fragmentis
1122 2559 1302 2625 orationum
1324 2560 1413 2625 Cato-

283 2662 452 2728 nianarum
475 2683 507 2746 p.
533 2665 584 2742 52,
614 2666 652 2724 tt
675 2669 707 2727 et
730 2663 816 2742 61,1
858 2662 918 2744 (od.
943 2661 1087 2745 Iordan).
1139 2662 1232 2728 Hunc
1260 2663 1356 2746 igitur
1383 2663 1411 2725 in

284 2765 413 2831 modum
451 2764 537 2850 apud
572 2763 775 2830 Cornificium
810 2783 939 2847 quoque
973 2771 1005 2830 et
1038 2765 1070 2829 in
1108 2764 1219 2849 primis
1257 2765 1412 2831 Ciceronis

284 2866 411 2951 scriptis
427 2875 500 2931 onte
522 2869 577 2944 ita,
605 2874 640 2932 ut
654 2867 801 2935 adverbii
823 2886 956 2934 munere
978 2867 1141 2952 fungatur,
1167 2849 1267 2934 mult'o
1291 2867 1410 2952 saepius
1483 2867 1484 2888 ¹

284 2977 458 3054 usurpatur·
479 2990 575 3053 quam
598 2978 701 3034 antec.
756 2970 916 3035 Paulatim
945 2970 1073 3037 demum
1102 2979 1197 3036 natea
1224 2991 1246 3035 a
1268 2971 1409 3038 Cicerone

285 3070 473 3156 praefertur,
504 3072 607 3139 donoc
629 3073 672 3138 ad
694 3079 872 3139 extremum
899 3081 994 3138 anteo
1022 3073 1122 3140 multo
1151 3072 1347 3156 frequentius
1367 3081 1408 3136 est

285 3195 381 3258 quam
397 3183 468 3240 aaa
491 3175 694 3254 adverbium;
721 3176 781 3240 hoo
803 3181 998 3242 tamencum
1021 3195 1083 3241 usu
1104 3176 1168 3240 iam
1186 3175 1322 3241 nimium
1336 3183 1410 3240 esset
1482 3257 1483 3270 ἵ

285 3275 523 3358 confirmatum,
557 3297 620 3344 non
643 3278 771 3344 omnino
800 3277 877 3343 reici
900 3284 1027 3362 poterat
1054 3298 1094 3344 ex
1116 3297 1263 3344 sermone
1286 3279 1405 3344 urbano.

286 3385 319 3443 at
346 3380 450 3447 rarius
480 3386 511 3445 et
532 3381 720 3465 plerumque
750 3380 783 3446 in
806 3379 901 3446 certis
923 3379 1114 3462 quibusdam
1144 3379 1300 3462 formulis,
1333 3379 1409 3444 velut

285 3487 360 3544 anto
382 3504 488 3566 quom,
512 3484 610 3547 multo
627 3491 700 3548 anto
715 3482 874 3548 similibus
889 3482 1113 3549 adhibebatur.
1153 3481 1249 3567 Apud
1266 3483 1406 3567 Nepotem

285 3582 472 3650 adverbium
495 3595 568 3649 aab
590 3585 721 3670 saepius
744 3585 881 3651 occurrit
902 3606 1000 3668 qnam
1022 3593 1127 3650 anea.
1481 3647 1482 3652 ,

372 3687 440 3752 Iam
464 3688 608 3772 singulos
629 3688 886 3754 enumerabimus
908 3689 1007 3754 locos.
1055 3689 1095 3754 Et
1117 3687 1204 3772 apud
1219 3685 1406 3754 Cornificium
1481 3697 1482 3708 ¹

286 3787 414 3871 quidem
442 3799 536 3856 oeten
564 3792 598 3856 in
627 3791 739 3876 primis
769 3791 869 3856 tribus
903 3791 993 3858 libris
1022 3811 1179 3873 nusquam
1210 3786 1403 3875 deprehendi.

286 3900 358 3956 octe
374 3892 561 3958 adverbium
584 3894 618 3958 in
640 3894 722 3958 libro
740 3894 843 3979 primo
860 3901 981 3977 quater,
1007 3895 1041 3959 in
1056 3895 1137 3960 libro
1153 3892 1293 3960 secundo
1307 3889 1403 3956 octies.

287 3993 319 4056 in
342 3994 434 4059 tertio
458 3995 579 4074 sexies3
607 3996 640 4061 in
663 3996 745 4062 libro
767 4003 881 4079 quarto
903 4005 976 4062 arete
998 3995 1105 4064 decies
1124 3996 1301 4080 quinquies„
1325 4001 1407 4057 anteo

286 4095 336 4160 bis
359 4097 413 4178 IV,
434 4103 465 4176 5,
485 4101 514 4160 7.
542 4103 593 4179 26,
614 4103 664 4162 36.
712 4100 759 4164 Ae
781 4098 957 4182 posteriore
979 4098 1108 4182 quidem
1137 4093 1208 4166 loco
1237 4107 1323 4163 mnan
1342 4113 1404 4158 cunr

286 4195 327 4258 ab
350 4196 421 4278 ipso
445 4198 590 4282 Kaysero
613 4202 829 4282 excogitatum
853 4203 893 4268 sit
922 4222 978 4286 pro
1005 4202 1053 4268 cis
1075 4222 1157 4286 quae
1180 4201 1305 4268 codices
1324 4194 1406 4262 enlri·
