2998 4896
249 355 290 418 oe
666 391 720 438 ,—
767 354 863 436 [νο]
911 392 952 399 -

248 549 364 614 Πανία)
392 550 425 614 in
450 574 470 612 α
494 556 627 614 exeunte
652 549 713 614 nisi
740 549 774 612 in
798 547 930 614 canticis
952 567 1015 611 non
1038 552 1185 624 utuntur,
1212 549 1308 611 etiam
1335 545 1395 610 hoc

247 655 316 720 loon
335 647 483 734 Ἱππίου,
511 656 596 739 quod
624 655 657 718 in
679 654 720 719 R⁰
743 659 874 738 propter
896 644 1171 720 homoeobeleuton
1200 653 1231 717 in
1258 649 1395 730 ἱππίους

247 761 337 838 abiit,
360 749 560 826 retinendum
584 768 640 827 est.
871 843 880 856 ·
965 829 968 835 ,

771 870 791 948 ξ
817 868 866 934 18.

337 993 405 1057 lam
427 993 461 1057 in
482 991 681 1076 proferendis
705 992 841 1076 propriis
865 991 982 1057 Suidae
1005 991 1178 1075 scripturis¹
1193 989 1324 1056 difficile
1349 997 1398 1056 est

247 1099 424 1163 diiudicatu
451 1119 530 1180 quas
557 1098 753 1181 corruptelas
780 1098 984 1163 librariorum
1012 1099 1156 1162 codicum
1184 1097 1397 1162 Suidanorum

248 1207 402 1281 incuriae,
431 1227 508 1290 quas
532 1205 649 1270 Suidae
677 1206 776 1288 ipsius
803 1205 990 1282 temeritati,
1018 1225 1096 1287 quas
1120 1204 1256 1287 denique
1279 1205 1397 1270 codicis

248 1312 333 1378 illius
368 1314 523 1397 prauitati
560 1313 814 1388 adnumeremur,
852 1334 945 1395 quem
977 1311 1010 1375 in
1042 1305 1247 1394 excerpendis
1279 1309 1397 1376 fabulis

248 1421 488 1504 Aristophaneis
514 1415 756 1504 lexicographus
784 1420 816 1482 in
844 1441 936 1484 nsum
961 1418 1099 1484 uocauit.
1150 1417 1283 1482 Codices
1311 1421 1398 1483 enim

247 1525 380 1591 Suidani
397 1525 605 1592 multifariam
625 1528 707 1590 inter
726 1548 759 1590 se
778 1525 937 1602 differunt,
957 1531 992 1590 ut
1010 1525 1105 1590 modo
1123 1545 1204 1589 unns
1218 1524 1344 1590 alterne
1359 1547 1398 1590 ex

247 1634 286 1698 iis
305 1635 475 1716 genuinam
493 1633 715 1717 Aristophanis
734 1634 925 1716 scripturam
941 1632 1110 1696 retinuerit
1120 1633 1155 1716 ¹),
1173 1632 1268 1696 modo
1287 1653 1398 1697 omnes

247 1741 338 1806 uario
365 1742 459 1804 modo
487 1743 689 1824 peccauerint
697 1740 738 1826 ²);
765 1745 861 1822 atque
888 1741 967 1804 adeo
995 1740 1028 1803 in
1056 1738 1227 1822 archetypo
1251 1739 1398 1804 codicum

188 1851 191 1858 '
247 1853 427 1912 nostrorum
451 1846 663 1911 Suidanorum
687 1868 754 1911 esse
778 1854 919 1912 erratum
943 1846 1085 1910 uidemus
1108 1847 1141 1911 in

482 1974 528 2016 vv.
577 1953 617 2017 13
642 1945 756 2029 αὐτοῖς
778 1975 836 2036 pro
861 1945 986 2031 αὐταῖς,

552 2059 613 2122 138
638 2057 721 2136 stag
744 2081 802 2142 pro
825 2051 910 2138 ἐτὸς,

549 2165 613 2229 353
636 2160 762 2250 deipnos
785 2189 841 2249 pro
866 2161 1022 2251 θύρασιν,

549 2265 808 2357 475κᾶρεθίζει
831 2293 890 2356 pro
913 2265 1085 2356 κάρεθίζῃ,

550 2377 616 2441 544
640 2372 690 2454 οῖς
713 2400 770 2462 pro
795 2373 856 2458 αἶς,

550 2485 616 2549 660
640 2485 732 2549 δοκῶ
755 2506 813 2568 pro
838 2487 941 2562 δοκεῖ,

549 2591 614 2655 682
637 2583 681 2677 μὴ
705 2612 763 2674 pro
786 2583 838 2678 νὴ,
929 2601 934 2608 “

551 2697 613 2761 737
640 2689 788 2784 ἅμόργην
810 2719 869 2780 pro
893 2690 1044 2782 ἄμόργιν,

551 2804 611 2866 791
640 2799 703 2887 εἶχε
727 2825 784 2886 pro
809 2799 905 2887 εἶχεν,

549 2910 614 2974 974
639 2905 736 2994 τύφῳ
759 2932 817 2994 pro
840 2918 949 2995 τυφῷ,

530 3017 614 3081 1037
638 3017 695 3080 καί
719 3015 793 3081 ἐστὲ
816 3038 874 3100 pro
898 3009 945 3093 ὡς
968 3015 1051 3081 ἐστὲ.

248 3119 444 3205 Quamquam
461 3145 525 3188 non
540 3123 721 3206 negauerim
735 3123 814 3188 haec
828 3131 861 3188 et
875 3124 992 3188 similia
1005 3123 1133 3188 leuioris
1149 3124 1299 3187 momenti
1315 3125 1401 3189 uitia.
1497 3117 1498 3180 ί

248 3228 357 3292 eodem
386 3229 454 3292 inre
481 3229 583 3293 codici
611 3229 659 3293 illi
682 3229 728 3292 XI
754 3229 933 3295 fabularum
957 3229 1273 3313 Aristophanearum,
1302 3252 1400 3313 quem

248 3332 362 3398 Suidas
389 3336 422 3396 in
450 3335 674 3418 componendis
702 3336 826 3402 schedis
853 3337 917 3402 suis
945 3336 1140 3413 adhibuerit,
1171 3357 1263 3420 posse
1291 3338 1400 3421 impu·

247 3440 323 3517 tari;
352 3445 386 3504 at
413 3443 561 3523 qnoniam
590 3445 685 3506 etiam
708 3445 742 3506 in
765 3443 926 3509 codicibus
950 3443 1080 3508 Graecis
1103 3441 1195 3507 XIIIi
1214 3441 1303 3506 lllVi
1322 3443 1400 3508 ΧΨ
1497 3445 1498 3460 ’

247 3546 457 3622 sacculorum,
480 3547 520 3612 ad
544 3569 625 3630 quae
648 3547 765 3614 Suidae
788 3549 863 3614 libri
886 3550 1093 3633 manuscripti
1115 3549 1289 3633 pertinent,
1313 3550 1401 3615 eius·

247 3652 333 3716 modi
361 3654 571 3737 corruptelae,
603 3655 713 3737 quales
745 3657 838 3721 modo
866 3657 984 3738 attuli,¹
1007 3656 1189 3740 saepissime
1216 3665 1401 3734 occurrunt,
1497 3643 1498 3646 ¹

247 3760 352 3824 nescio
379 3783 421 3825 an
450 3760 528 3825 haec
554 3763 636 3825 uitia
663 3761 802 3827 librariis
830 3763 920 3828 lexici
945 3763 1077 3828 Snidani
1105 3761 1239 3827 attribui
1262 3764 1400 3845 possint.

320 3956 339 4012 Ι1
359 3955 436 4009 uelut
450 3973 474 4009 v.
485 3956 538 4010 459
553 3951 676 4025 ἀρήξετε
691 3965 766 4010 recte
778 3959 811 4022 Α,
830 3951 952 4026 deripere
963 3957 1058 4013 CVBE
1072 3957 1081 4026 ss
1097 3973 1119 4010 v.
1136 3958 1187 4011 553
1203 3953 1304 4025 ἐντέξῃ
1317 3966 1401 4013 recte
1497 4019 1498 4022 Ἴ

246 4045 280 4108 Α,
310 4038 425 4112 ἐντεύξῃ
455 4044 549 4100 OVBE
567 4045 576 4113 ΙΙ
597 4063 620 4098 v.
651 4048 719 4100 1092
749 4039 910 4114 Κλεισθένη
940 4052 1016 4100 recte
1035 4049 1073 4111 Δ,
1104 4044 1283 4114 Κλεισθένην
1312 4047 1401 4112 VBE,

248 4128 418 4186 Κλεισθένει
439 4132 466 4187 C.

247 4243 249 4248 ’
318 4221 339 4286 ¹)
358 4221 436 4276 uelut
453 4239 478 4274 v.
497 4223 547 4276 361
573 4214 609 4276 clv
632 4217 685 4278 cix
709 4215 787 4292 εἶχον
805 4223 891 4289 ΑΒΕ,
916 4217 971 4294 γὰρ
992 4219 1046 4277 οὐκ
1069 4215 1147 4293 εἶχον
1165 4223 1225 4288 VC,
1249 4222 1320 4278 salso
1345 4241 1402 4292 pne

246 4300 282 4362 ἂν
300 4304 354 4362 οὐκ
376 4301 412 4364 ν’ἶν
432 4303 508 4379 εἶχον
526 4311 535 4380 ΙΙ
555 4329 578 4365 u.
597 4312 649 4366 549
668 4307 826 4380 ἆκαλὴφων
845 4312 955 4377 ΑΟΚΕ,
979 4306 1155 4384 ἀκαλὴφρινν
1174 4312 1196 4366 Β
1215 4328 1267 4381 pro
1287 4307 1397 4382 ἀκαλη-

246 4401 310 4466 φῶν
323 4399 332 4466 ll
348 4415 370 4451 v.
391 4401 458 4453 1091
479 4395 612 4467 διαλλάξῃ
631 4400 686 4466 ΔΟ,
707 4395 851 4466 διαλλάξαι
871 4401 944 4456 VBE
963 4417 1012 4470 pro
1032 4397 1181 4466 διαλλάξει.
