2998 4896
509 365 549 375 -
599 324 691 413 [245]
744 365 783 374 -
1159 329 1219 394 101

75 523 323 589 contemnendae
355 528 448 588 notae
478 521 650 608 archetypo
677 523 832 607 originem
859 523 993 588 duxisse.
1039 521 1122 590 Illud
1150 545 1222 590 eon-

75 637 232 696 stateem
255 630 385 696 classem
409 629 565 706 codicum,
588 649 683 713 quam
706 629 878 713 archetypo
901 628 1017 694 codicis
1040 630 1087 695 Mi
1111 638 1143 697 et
1166 630 1222 695 de·

75 737 201 820 [ardiso
216 737 324 802 codice
338 735 477 802 Suidsno
491 736 537 802 XI
552 735 730 801 fabularum
741 735 1042 821 Aristophanearum
1056 735 1224 802 formatam

75 863 145 908 mse
171 844 321 928 suspicati
350 865 469 920 sumus,
496 845 537 910 ad
561 841 609 908 R⁵⁸
632 842 726 910 fidem
751 843 990 926 bonitatemque
1016 843 1144 910 minime
1167 843 1223 909 ad-
1303 905 1306 910 .

75 952 207 1034 spirare,
226 973 415 1036 quemquem
434 973 497 1017 non
515 953 617 1017 solum
635 953 668 1017 in
687 952 864 1036 Lysistrnts
882 952 938 1016 sed
957 951 1052 1016 etiam
1071 951 1105 1014 in
1123 950 1223 1034 Equi-

74 1059 162 1124 tibus
186 1059 425 1124 obseruauimus
448 1059 609 1126 codicibus
632 1058 696 1126 SM
719 1059 765 1123 le*
788 1059 976 1143 scripturam
999 1059 1075 1124 loeis
1098 1058 1223 1141 grauio-

74 1167 165 1232 ribus
194 1165 404 1250 eomprobari,
432 1171 517 1232 certe
545 1189 608 1232 nen
635 1168 677 1232 ad
700 1187 772 1232 eum
795 1166 1004 1250 corruptionis
1027 1172 1060 1231 et
1083 1165 1223 1249 interpo-

75 1274 205 1340 lationis
228 1274 388 1340 eumulum
405 1273 585 1359 peruenisse
604 1273 733 1339 classem
751 1273 839 1338 illam
857 1271 948 1338 libris
966 1272 1031 1338 SM
1043 1293 1224 1357 repraesen-

75 1387 187 1458 tatam,
206 1401 268 1466 quo
287 1380 389 1446 altera
407 1380 689 1447 oedienmdnmilia
705 1379 919 1458 v-P-Afen
938 1381 999 1446 LB
1017 1380 1149 1463 insignis
1168 1385 1225 1445 est.
1316 1365 1323 1378 ’

166 1612 267 1676 Index
290 1610 430 1676 locorum
454 1613 691 1680 emendatorum
715 1621 748 1679 et
771 1613 1010 1698 explicatorum:

434 1735 485 1805 Eq.
558 1739 575 1792 4
706 1756 750 1808 pq.
769 1739 804 1794 99
823 1754 882 1808 sqq.

562 1829 578 1882 9
770 1829 804 1882 33

524 1916 576 1970 994
613 1917 665 1971 995
720 1957 736 1982 ,,
770 1917 804 1971 26

524 2004 576 2060 517
720 2045 736 2070 ,,
770 2005 805 2060 92

523 2095 576 2151 570
719 2135 736 2160 ,,
767 2095 803 2150 36

524 2184 576 2238 673
719 2225 735 2248 ,,
768 2183 804 2237 29

524 2273 576 2328 994
720 2312 735 2338 ,,
771 2274 804 2328 18

524 2363 574 2417 991
720 2403 735 2428 ,,
769 2364 804 2418 26

320 2521 486 2591 Thesmoph.
542 2525 576 2578 52
720 2563 735 2588 ,‚
769 2523 804 2577 43

544 2612 577 2666 74
720 2654 736 2678 ,,
769 2613 803 2666 43

528 2703 577 2754 139
721 2743 736 2767 ,,
770 2701 805 2756 45

527 2791 577 2844 196
720 2831 736 2856 ,,
769 2790 803 2843 46

525 2880 576 2934 341
722 2920 738 2944 ,,
771 2879 804 2934 47

526 2969 578 3022 399
614 2969 666 3022 399
696 3009 737 3033 ,,,
771 2968 804 3022 47

483 3059 487 3066 ’
526 3057 578 3110 499
615 3057 667 3110 494
722 3097 738 3122 ,,
772 3057 806 3110 48

525 3147 576 3198 631
614 3146 666 3199 639
721 3186 738 3210 ‚,
771 3146 806 3200 49

527 3235 606 3314 5604
722 3275 738 3299 ‚‚
770 3235 805 3288 49

527 3325 579 3378 616
702 3329 738 3388 “,,
770 3323 806 3377 50

528 3410 580 3464 702
724 3453 739 3476 ,,
773 3413 807 3466 50

527 3500 668 3554 769-775
722 3541 738 3564 ,,
771 3501 804 3554 51

527 3589 580 3642 868
724 3629 739 3654 ,,
771 3590 807 3643 63

426 3679 489 3749 Lys.
526 3679 579 3731 ⁴229
724 3719 740 3743 „
772 3677 806 3732 64

528 3765 579 3820 743
723 3807 739 3830 ,,
772 3766 805 3821 67

528 3855 581 3909 840
724 3896 740 3920 ,,
773 3857 806 3910 64

723 3985 740 4010 ,,
773 3945 808 3999 65

400 4409 488 4461 nipe„
502 4409 563 4462 lypis
578 4397 741 4450 ntentans
756 4408 784 4448 ιι
797 4407 919 4459 Treptii.
