3034 4896
554 329 769 390 ὢ45.ὁ

91 529 222 594 nemus,
254 531 327 578 eum
356 513 441 579 mals
470 531 540 579 oum
571 514 618 579 eis
644 529 728 597 quae
756 513 954 600 praeoedunt
983 511 1134 598 coniungi
1164 523 1231 580 tum

92 617 209 682 selsam
240 617 431 684 seutentiam
459 617 612 704 prodere;
648 618 699 684 sin
728 637 817 700 eom,
851 637 934 702 quse
962 619 1147 686 necessarie
1176 619 1228 698 sit,

91 720 302 787 mutationem
335 720 509 803 indamus,
546 721 754 806 posteriorem
783 739 893 787 eorum
921 729 1046 806 partem
1076 722 1230 806 aprione

90 823 275 891 dissentire.
316 821 408 902 Quae
429 841 502 891 oum
523 826 570 890 ita
592 823 666 906 sint,
692 843 733 892 ne
756 828 904 891 eoi-60
927 825 1055 910 quidem
1075 827 1230 892 aLuore-

90 927 137 992 tio
158 927 327 1012 compositi
349 945 421 994 esse
443 935 588 1012 possunt.

178 1029 334 1098 Versibus
357 1035 521 1096 247-50
543 1039 576 1097 et
598 1033 781 1096 tor-305
805 1031 941 1097 seclusis
969 1029 1125 1098 habemus
1154 1051 1229 1097 sen-

90 1134 262 1200 tentiarum
291 1135 531 1202 eontinuitstem
558 1135 792 1220 planissimam.
838 1134 887 1201 lla
916 1135 1018 1212 enim,
1053 1155 1148 1218 quem
1179 1135 1229 1200 in-

90 1237 195 1304 stituit
215 1247 312 1324 poeta
333 1239 375 1305 de
396 1239 506 1306 mundi
528 1236 741 1315 mortalitate,
766 1238 913 1323 quaestio
938 1239 1064 1305 duobus
1086 1254 1128 1306 ex
1151 1260 1221 1329 par·

89 1343 177 1408 tibus
200 1349 340 1410 constat:
367 1360 502 1426 quorum
525 1344 629 1410 altere
650 1343 795 1427 quidem,
822 1361 906 1425 quae
929 1360 1042 1408 versus
1064 1345 1226 1422 233-46,

91 1447 231 1528 tei-6,
258 1449 428 1512 306-330
444 1446 596 1524 eonduet,
619 1445 663 1512 de
679 1446 770 1513 eaelo
785 1451 946 1528 terreque,
965 1465 1006 1511 ex
1021 1446 1137 1528 quibus
1152 1465 1228 1530 par·

90 1549 177 1615 tibus
191 1549 329 1616 mundns
345 1555 479 1631 constat,
507 1551 609 1616 eltera
631 1548 671 1615 de
694 1555 759 1615 toto
782 1549 900 1614 mundo
922 1548 1038 1633 agitur.
1078 1549 1126 1616 Ae
1141 1550 1229 1632 prior

90 1653 220 1735 quidem
243 1673 320 1738 pars
342 1654 405 1718 tria
425 1653 668 1738 comprehendit
689 1653 847 1718 membra:

177 1757 203 1822 I.
230 1759 392 1821 sss-46
421 1756 666 1840 demonstratur,
692 1756 834 1822 maxime
858 1755 968 1821 mundi
991 1753 1226 1822 membranum

90 1867 281 1946 consumpta
302 1861 518 1945 regignuntur,
545 1859 627 1926 seire
655 1861 767 1943 lieere,
794 1860 877 1926 oaeli
903 1879 1030 1943 qnoque
1059 1867 1226 1942 terraeque

89 1963 192 2030 inisse
214 1964 404 2049 principiale
428 1963 558 2047 aliquod
579 1971 704 2048 tempus
728 1962 916 2045 eisdemque
939 1962 1088 2028 llrturam.

176 2067 221 2132 11.
247 2070 385 2132 251-6.
411 2069 559 2133 soon-23
582 2067 828 2150 demonstratur,
854 2073 888 2133 et
909 2073 1025 2133 terrem
1045 2073 1077 2133 et
1101 2068 1226 2133 eaelum

90 2190 129 2236 eo
150 2177 269 2236 natura
291 2169 440 2257 praedito
462 2187 544 2254 esse,
570 2178 605 2236 nt
621 2171 768 2236 mortalia
783 2187 855 2236 esse
871 2169 1057 2237 uideantur:
1083 2189 1122 2236 so
1136 2171 1226 2255 prin-

89 2274 175 2358 cipio
197 2273 326 2357 quidem
349 2281 467 2342 terram

296 2382 326 2462 a)
354 2382 492 2442 ‘leia-r.

295 2483 326 2566 bl
353 2475 492 2547 255-6.

301 2589 328 2668 o)
357 2587 515 2650 306-17.

90 2687 205 2755 deinde
229 2689 352 2776 eaelum
376 2688 534 2754 ers-23.

173 2791 234 2856 III.
261 2788 297 2856 Si
319 2811 382 2858 non
404 2799 513 2858 essent
534 2791 643 2876 genitu
665 2797 797 2856 terrast
813 2790 947 2869 eaelum,
974 2788 1088 2855 enred
1103 2799 1223 2856 eertum

88 2893 249 2974 quendam
271 2893 367 2960 linem
389 2893 552 2960 hominum
573 2894 728 2960 memoria
742 2893 880 2977 pertinet
893 2909 997 2976 neque
1013 2899 1087 2958 ente
1102 2893 1223 2959 bellum

88 2993 262 3062 Troianum
293 2996 459 3080 quiequam
489 3014 595 3062 rernm
624 2995 842 3079 bellorumque
877 2994 996 3062 laetum
1027 3013 1100 3061 esse
1130 3015 1224 3062 eece-

89 3097 216 3181 pimus?

172 3201 293 3266 Factae
320 3219 397 3266 vero
428 3207 501 3266 sunt
530 3201 608 3266 illae
635 3200 913 3285 interpolationes,
944 3201 1020 3283 quia
1049 3222 1222 3286 argumen-

88 3304 163 3370 tatio
186 3304 302 3370 deesse
324 3303 502 3386 uidebatnq
528 3323 593 3386 qua
614 3305 714 3370 verba
743 3303 790 3386 (V,
817 3306 890 3388 243)

587 3427 648 3490 pue
665 3414 800 3490 propter
820 3406 957 3471 momine
980 3408 1091 3472 moedi

193 3529 264 3572 eum
286 3509 407 3574 Meam
429 3509 567 3573 menbra
588 3533 626 3573 ao
643 3509 751 3592 portas
772 3519 955 3594 consumpta
977 3511 1102 3595 reptem·

88 3611 357 3691 confirmarentur,
382 3630 453 3676 oum
476 3631 559 3692 enm,
586 3612 641 3694 qui
656 3611 871 3696 interpolavit,
897 3613 1086 3697 praeteriret
1102 3611 1222 3680 Luere-

89 3713 164 3778 tinm
190 3713 225 3778 in
254 3714 356 3798 primo
385 3713 467 3780 libro
496 3714 578 3780 setis
607 3715 709 3780 multe
738 3713 779 3780 de
809 3714 993 3799 primordiis
1022 3713 1218 3801 disputasse,

88 3835 146 3898 quo
167 3833 316 3900 quaeque
339 3823 454 3882 nature
475 3835 623 3902 supremo
646 3824 788 3901 tempore
811 3815 1013 3898 dissolveret,

214 3921 241 4001 Ι,
269 3923 330 3983 547
354 3921 556 3984 materiensi
578 3921 756 4004 suppeditet
777 3919 869 3985 rebus
890 3921 1089 4005 reparandis,

87 4021 226 4106 itemque
249 4043 287 4088 eo
308 4023 396 4104 loeo,
423 4041 517 4105 quem
540 4038 638 4107 supra
660 4021 805 4104 laudavi,
838 4023 889 4104 H,
919 4029 1000 4090 1105
1024 4043 1094 4108 sqq.
1120 4043 1220 4109 expo-

89 4125 205 4207 suisse,
255 4127 357 4191 umori
398 4133 501 4192 terrae
546 4125 615 4208 igni
659 4125 726 4191 aeri
763 4144 890 4212 semper
930 4147 1013 4192 nova
1049 4127 1222 4212 primordia

88 4227 257 4312 superari,
