2982 4884
286 337 346 398 aar
717 374 760 384 -
809 339 890 420 *soeg
939 374 982 384 -

371 543 454 590 vere.
475 527 494 588 6
519 518 630 589 olata
652 523 758 608 Sylla,
793 517 870 590 σύκέ
893 525 955 591 lac.
983 527 1001 586 2
1025 525 1085 590 litt.
1112 530 1169 610 τῆς
1184 524 1234 588 M:
1267 517 1322 588 οἷα
1342 524 1374 586 ll.

252 671 253 684 .
371 647 455 692 vere.
477 629 492 690 i
518 620 600 691 αὐτὸ
616 627 665 692 ll:
693 620 784 712 αὐτῷ
805 627 862 714 Ru
884 627 1158 712 προσδεχομένης
1180 626 1228 691 bl:
1256 647 1402 708 προσεμι-

285 733 387 816 μὲνης
404 729 432 794 R
449 729 461 813 ΙΙ
477 729 751 817 προσδεχομένης
773 751 887 796 rasura
910 735 994 796 5—ii
1011 731 1071 796 litt.
1099 725 1194 796 οὔπω
1210 731 1242 794 Μ
1264 730 1297 794 in
1318 736 1400 793 textu

286 833 317 896 iu
347 853 412 916 mg.
439 827 630 898 ἀποδοῦναι
660 834 722 899 lac.
748 841 845 898 r-5
869 835 927 900 litt.
961 830 1024 918 γὰρ
1056 830 1093 911 ὃς
1109 835 1121 919 ΙΙ
1145 833 1181 898 δὲ
1212 831 1249 909 ὃς
1277 853 1307 916 p.
1326 836 1401 896 otoo

287 929 377 1010 δ’δς
401 935 511 1020 Sylla:
546 932 610 1020 γὰρ
634 934 671 1012 ὃς
694 937 771 1001 MR.

372 1059 513 1121 versit
545 1054 690 1138 δύναμίν
719 1081 750 1122 τι
773 1057 805 1121 M
827 1077 861 1141 p.
888 1059 998 1122 stac:
1032 1053 1177 1137 δύναμιν
1206 1079 1238 1120 τι
1260 1055 1292 1119 Μ
1319 1051 1404 1118 δύνα-

285 1182 344 1239 μιν
366 1159 397 1221 τί
420 1159 458 1222 R.

372 1297 456 1344 vere.
478 1282 517 1344 13
541 1277 607 1343 ε’ίτε
631 1279 688 1343 καὶ
711 1280 910 1366 φιλοτιμίαν
938 1299 970 1363 p.
990 1281 1064 1343 9801
1098 1277 1164 1343 εἴτε
1196 1276 1404 1364 ηιλστιμίαίλ

285 1399 325 1445 ex
349 1381 474 1446 Reiskii
497 1381 697 1447 coniectura:
726 1375 743 1468 ἡ
768 1383 945 1468 φιλοτιμία
967 1381 1036 1446 Μο.

368 1500 448 1566 Inde
472 1523 492 1566 a
515 1521 609 1567 versu
635 1502 770 1586 septimo
794 1503 891 1569 verba
921 1502 985 1568 alio
1007 1500 1102 1568 modo
1130 1501 1302 1587 perscripsi
1324 1519 1403 1584 quam

282 1603 316 1667 in
339 1603 533 1669 editionibus
556 1605 717 1688 leguntur.

368 1752 400 1816 p.
426 1736 532 1798 993rss
565 1730 727 1810 Τοιοῦτός
758 1731 850 1798 ἐστιν
875 1783 882 1796 .
911 1783 916 1794 .
946 1785 952 1798 .
988 1726 1005 1798 δ
1035 1726 1112 1798 κατ’
1141 1727 1402 1815 Ὀλυμπιοδώρου

282 1841 339 1920 iis·
361 1833 503 1922 βλάβης.
548 1836 727 1902 Articulum
753 1843 811 1923 τῆς
839 1855 1008 1921 perperam
1039 1837 1265 1921 interpolatum
1296 1835 1400 1900 deleas.

282 1938 332 2004 cf.
358 1937 398 2004 de
421 1958 456 2004 re
478 1939 658 2005 certissima
681 1961 711 2006 e.
732 1961 764 2024 g.
791 1961 823 2025 p.
843 1943 935 2006 oeta
959 1937 1056 2004 Κατὰ
1078 1941 1256 2023 Προξένου
1278 1935 1399 2022 βλάβης.

281 2062 366 2108 vers.
388 2045 425 2106 13
450 2039 536 2106 κατὰ
560 2045 817 2130 Κηφισοκλέους
840 2044 896 2107 καὶ
918 2049 986 2110 τῶν
1008 2042 1142 2110 οἰκείων
1163 2042 1303 2130 βλάβης.

365 2193 397 2256 p.
416 2174 537 2236 995nss
559 2172 794 2239 Demosthenes
817 2173 940 2238 nullum
967 2172 1095 2239 dicendi
1126 2192 1228 2256 genus
1259 2171 1398 2254 neglexit:
1462 2179 1463 2190 ¹

281 2295 355 2340 nam
378 2283 410 2340 et
432 2275 601 2341 sublimem
624 2275 807 2358 dictionem,
833 2297 897 2360 qua
912 2275 1118 2361 Thucydides
1142 2277 1283 2342 maxime
1297 2271 1402 2359 gaude

281 2378 600 2460 batinorationibue
611 2380 761 2446 adhibuit
772 2388 804 2446 et
815 2389 910 2447 tenue
921 2401 1025 2465 genus
1033 2381 1134 2464 Lysia
1145 2381 1241 2446 etiarn
1253 2385 1401 2465 praestan-

280 2481 344 2546 tius
367 2481 510 2547 exercuit
532 2491 574 2564 et,
600 2483 654 2565 qui
677 2483 711 2548 in
727 2468 839 2550 'madio
861 2484 1032 2550 clarissimi
1055 2483 1156 2550 habiti
1179 2491 1257 2550 sunt
1277 2482 1400 2563 Thrasy-

280 2583 414 2650 machus
436 2584 595 2650 Ieocrates
616 2587 717 2662 Plato,
749 2587 914 2671 superavit
936 2607 1056 2653 omnes.
1104 2586 1221 2652 Tribus
1244 2587 1296 2652 his
1317 2601 1399 2668 geue

280 2688 367 2754 ribus
382 2687 513 2753 totidem
536 2689 609 2754 libri
627 2688 667 2756 de
683 2690 909 2757 Demosthenis
924 2689 1062 2757 dictione
1085 2691 1264 2775 particulae
1285 2705 1400 2772 respor-

280 2789 367 2868 dent,
399 2811 531 2873 quarum
555 2792 589 2856 in
612 2793 774 2859 secundae
798 2801 830 2858 et
852 2793 964 2859 tertiae
988 2791 1122 2860 confinio
1145 2814 1178 2877 p.
1198 2796 1318 2858 995rass
1338 2791 1400 2854 An-

279 2894 447 2961 brosianus
477 2894 557 2960 haee
586 2895 734 2962 exhibet:
768 2897 825 2961 καί
846 2890 945 2962 ταῦτ>
992 2891 1052 2984 ἤδη
1076 2895 1227 2983 γνώριμα
1260 2893 1310 2972 οίς
1330 2895 1399 2975 λέγω

281 2997 336 3062 καὶ
361 2991 467 3063 οὐδὲν
490 2995 641 3080 δεόμεθα
664 2996 961 3084 παραδειγμάτων.
987 2993 1071 3065 ὥστε
1094 3001 1175 3086 περί
1196 3000 1261 3082 μὲν
1283 3004 1339 3064 τοῦ
1350 3017 1398 3076 zt-
1460 2987 1461 3010 ³

281 3107 447 3187 ρακτηρος
475 3102 536 3168 lac.
564 3104 582 3166 8
606 3102 667 3168 litt.
700 3109 760 3169 τοῦ
783 3102 819 3168 δὲ
850 3103 1029 3190 ῥητορικοῦ
1057 3108 1175 3188 γένους
1204 3111 1265 3170 τοῦ
1292 3092 1398 3184 μεταξὺ

281 3211 345 3270 τῶν
373 3198 487 3290 ίίκρων
516 3202 676 3292 ἑκατέρου
705 3203 746 3271 ὃν
775 3200 874 3293 ἀτελῆ
903 3203 1115 3292 παραλαβὼν
1144 3201 1162 3272 δ
1191 3208 1396 3295 Δημοσθένης

280 3303 366 3390 παρ’
389 3301 601 3392 Ἰσοκράτους
623 3332 658 3374 τε
681 3309 738 3373 καὶ
760 3307 810 3374 ἔτι
833 3306 1003 3396 πρότερον
1027 3308 1256 3394 Θρασυμάχου
1284 3309 1337 3374 καί
1355 3327 1396 3367 τε·

280 3410 437 3476 λευταίοσ
459 3408 645 3488 Πλάτωνος
669 3410 878 3494 ἐτελείωσεν,
910 3409 992 3479 ὅσον
1015 3403 1054 3500 ἦν
1077 3407 1280 3500 ἀνθρωπίνη
1311 3407 1392 3498 φύσει

281 3511 436 3593 δυνατὸν,
463 3511 574 3580 πολλὰ
597 3516 660 3597 μὲν
683 3511 725 3582 dv
752 3541 803 3594 τις
834 3514 869 3582 ίκ
899 3523 965 3584 τῶν
994 3515 1080 3582 κατὰ
1104 3519 1282 3582 Φιλίππου
1310 3514 1395 3598 δημη-

280 3625 413 3702 χοριιῖιν,
439 3616 551 3683 πολλὰ
574 3613 604 3684 δ’
624 3617 741 3685 ἐκτῶν
764 3619 936 3706 δημοσίων
949 3618 1061 3704 λόγων
1075 3621 1331 3706 παραδείγματα
1350 3611 1396 3678 λά-

277 3727 345 3804 μοι.
393 3723 483 3788 Duas
506 3741 557 3788 res
580 3723 699 3789 codicis
721 3724 814 3790 lectio
837 3724 966 3791 diversa
990 3725 1048 3789 illa
1070 3724 1200 3806 quidem
1230 3723 1272 3789 ab
1299 3717 1393 3787 editio
1458 3749 1459 3784 ρ

279 3846 354 3892 num
377 3845 435 3892 nos
457 3825 560 3907 docet,
587 3827 759 3892 secundam
782 3827 973 3912 particulam
995 3827 1079 3892 finiri
1101 3827 1207 3893 verbis
1230 3821 1311 3891 ὥστε
1332 3817 1392 3900 περὶ

278 3931 341 4012 μὲν
363 3935 424 3995 τοῦ
444 3936 655 4016 χαρακτῆρος
676 3930 780 4013 iisque
803 3931 1086 4016 comperierunt,
1122 3931 1248 3997 tertiam
1273 3928 1394 4010 incipere

278 4035 319 4098 ab
341 4034 405 4099 illis
429 4040 489 4100 τοῦ
511 4033 548 4098 δὲ
571 4032 749 4120 ῥητορικοῦ
765 4039 882 4118 μένους
897 4035 965 4099 κτλ.
1006 4035 1045 4098 In
1061 4031 1124 4100 fine
1140 4033 1298 4099 secundae
1312 4023 1394 4115 partis
1457 4087 1458 4090 ,

281 4136 388 4218 utique
412 4135 604 4202 adiectivum
627 4136 838 4219 desideratur,
871 4157 932 4221 quo
961 4157 1025 4202 non
1055 4137 1147 4202 aliter
1173 4143 1268 4218 atque
1289 4135 1320 4199 in
1338 4125 1390 4214 pri·

279 4257 350 4303 mae
372 4239 435 4304 fine
459 4239 671 4325 significetur,
704 4241 757 4322 qui
789 4240 830 4307 sit
852 4240 1027 4319 character,
1057 4239 1097 4306 de
1120 4259 1181 4323 quo
1204 4239 1296 4305 modo
1315 4230 1392 4300 verbo
