3008 4884
553 357 596 366 -
645 323 727 402 [1331
775 358 818 367 -
1213 323 1252 384 11

113 528 176 590 por
198 528 291 590 quom
313 509 512 590 exponimus,
538 508 648 593 quibua
670 510 707 574 do
730 509 820 572 rebus
841 509 938 574 simus
959 509 1092 589 dictam
1125 510 1157 592 Ι,
1183 515 1214 588 4,
1234 514 1253 575 6

120 610 254 673 brevite
276 609 447 694 quitando
477 613 568 675 rebus
597 611 693 675 simus
722 611 841 676 dicturi
868 634 1035 694 exponere3
1068 612 1134 694 III,
1162 615 1191 694 7,
1216 617 1253 678 13

118 736 305 796 exponemus
327 736 406 798 quus
428 737 478 778 res
501 715 795 794 duodetricesimum
822 714 864 782 51.
881 714 936 796 IV,
957 721 1008 797 40,
1028 719 1068 780 52
1091 716 1150 779 itta
1172 715 1255 780 dioi-

117 817 165 879 dir
179 854 222 863 -
232 839 294 900 por
309 818 541 900 expositionem,
567 819 677 903 quibus
700 819 738 882 de
753 819 845 882 rebus
860 818 893 882 in
909 827 973 883 tota
989 819 1128 883 oratioue
1143 817 1253 902 dispo-

119 919 197 983 tutio
208 921 330 1005 futura
345 920 395 1004 sit)
424 927 478 985 aut
494 920 746 986 enuntiationem
763 921 929 987 relativam
945 920 1160 1006 praecedente
1176 921 1253 987 sub-

118 1022 257 1089 stantivo
279 1043 334 1103 eo,
366 1023 408 1089 ad
433 1023 517 1107 quod
546 1025 684 1109 pertinet
713 1045 852 1108 sequens
882 1045 1055 1109 pronomen
1083 1024 1252 1091 relativum

123 1127 158 1206 (Ι,
185 1131 215 1208 4,
236 1129 253 1188 7
278 1135 308 1191 et
330 1127 506 1191 sinemuro
529 1150 716 1210 exponemus
737 1150 800 1207 res,
826 1128 937 1212 quibus
963 1129 1002 1192 de
1023 1127 1116 1192 rebus
1137 1128 1255 1192 dicturi
1327 1143 1330 1146 “

117 1251 240 1307 aumus3
272 1231 298 1311 Ι,
329 1234 377 1310 10,
401 1234 437 1294 17
462 1253 531 1294 eum
553 1254 604 1295 res
626 1230 736 1315 quibus
758 1232 795 1294 (le
818 1233 909 1296 rebus
932 1229 1051 1295 dicturi
1069 1251 1176 1294 sumus
1198 1253 1253 1294 ee-

114 1333 290 1414 ponemus).
337 1331 459 1410 Quodsi
493 1332 588 1398 huius
623 1333 774 1416 loquendi
810 1353 887 1399 usus
917 1333 1033 1398 iustam
1062 1332 1253 1398 habebimus

117 1435 289 1516 rationem,
329 1436 400 1501 loco
434 1435 490 1501 illo
519 1436 723 1504 scribendum
751 1443 801 1502 est
830 1443 886 1502 aut
913 1435 997 1518 quod
1025 1436 1191 1522 Kayserus
1220 1436 1254 1501 in

117 1539 222 1622 priore
237 1539 396 1604 Cornificii
419 1538 559 1606 editione
582 1540 716 1606 dederat
737 1539 857 1604 dictori
876 1540 983 1622 sirum,
1009 1547 1065 1605 aut
1087 1538 1114 1606 si
1128 1539 1253 1605 indica-

117 1643 219 1707 tivum
243 1643 410 1725 melenus,
436 1643 650 1728 supplendum
673 1643 733 1708 erit
755 1649 831 1709 ante
848 1651 922 1729 quot
937 1642 1173 1709 substantivum
1188 1665 1250 1720 res,

118 1745 203 1829 quod
226 1753 298 1831 post
320 1746 480 1831 syllabam
498 1747 642 1813 ultimam
657 1770 693 1811 ro
710 1747 798 1813 vocis
813 1769 940 1811 numero
956 1747 1049 1812 facile
1063 1746 1253 1813 intercidere

118 1856 259 1934 poterat;
285 1849 399 1932 quodsi
419 1850 588 1915 lectionem
610 1871 630 1914 a
652 1850 744 1916 nobis
767 1850 961 1934 propositam
984 1849 1249 1936 comprobaveris,
1286 1908 1289 1914 .

118 1952 171 2019 hic
200 1951 289 2018 loeus
318 1953 485 2037 aptissime
515 1952 685 2038 respondet
715 1953 808 2019 alteri
837 1955 907 2020 loco
938 1972 1036 2039 supra
1064 1954 1195 2019 laudato
1223 1952 1248 2033 I,

119 2059 150 2138 4,
170 2059 187 2118 7
211 2055 241 2119 sr'
261 2078 388 2120 numero
411 2078 597 2140 exponemus
626 2079 693 2133 res,
726 2056 836 2141 quibus
864 2057 903 2119 dc
932 2058 1023 2120 rebus
1052 2055 1171 2120 dicturi
1198 2077 1253 2119 su-

117 2182 197 2223 mus.
245 2159 390 2243 Denique
422 2158 502 2226 baec
534 2159 725 2226 substantivi
758 2159 792 2224 in
823 2158 997 2225 enuntiatis
1026 2157 1170 2225 relativis
1201 2178 1253 2224 rc-

116 2263 230 2347 petitio
258 2263 317 2345 (res
339 2270 414 2346 quot
443 2262 484 2329 de
505 2263 606 2346 rodus]
643 2282 717 2328 vere
741 2269 790 2328 est
812 2261 1025 2329 Cornificiana
1052 2261 1128 2346 (vid.
1155 2281 1273 2345 supra,

116 2387 194 2451 pag.
214 2368 279 2450 241.

204 2468 354 2534 normula
376 2477 449 2533 sont
471 2470 528 2555 qui
548 2477 582 2535 ut
604 2469 690 2555 apud
712 2489 830 2536 aureae
853 2469 969 2535 aetatis
992 2468 1161 2554 scriptores
1184 2468 1252 2535 tero

116 2593 244 2657 semper
266 2571 499 2638 coniunctivnm
514 2572 676 2653 adsciscit,
703 2573 749 2639 ita
771 2593 835 2638 non
850 2572 954 2638 minus
970 2577 1152 2638 constanter
1167 2570 1253 2655 apud

115 2675 270 2742 cotidiani
294 2675 449 2742 sermonis
466 2682 611 2743 auctores
628 2697 698 2742 eum
713 2675 887 2742 indicativo
903 2674 1112 2742 constrnitur:
1145 2675 1248 2739 Plaut.

116 2779 198 2845 eisc.
224 2785 254 2860 4,
275 2783 304 2862 2,
324 2783 382 2860 38,
412 2777 488 2844 Hor.
515 2785 576 2845 sat.
607 2786 633 2862 1,
653 2785 683 2860 4,
703 2783 756 2843 25.
782 2783 812 2862 2,
835 2783 863 2862 1,
885 2783 914 2841 1.
940 2781 970 2860 2,
990 2782 1020 2861 4,
1040 2781 1092 2859 47,
1118 2777 1195 2842 item
1217 2776 1251 2841 in

116 2882 313 2948 carminibus
339 2885 469 2964 1,1,4.
495 2885 547 2945 21.
583 2887 611 2966 1,
632 2886 661 2966 7,
682 2886 718 2960 6;
752 2881 970 2947 coniunctivae
999 2878 1085 2966 apud
1115 2878 1251 2946 eundem

115 2993 244 3070 poetam
268 2985 385 3068 legitur
400 2984 495 3070 epist.
517 2990 545 3066 1,
565 2989 595 3068 6,
612 2990 642 3068 5,
668 2985 753 3052 duae
768 2983 1020 3051 constructiones
1036 2983 1155 3049 mixtae
1169 2982 1253 3048 inter

116 3109 153 3154 se
178 3087 269 3172 epist.
291 3093 321 3170 2,
340 3091 371 3171 2,
395 3091 464 3171 182,
490 3109 553 3171 quo
568 3089 638 3155 loco
653 3088 887 3155 coniunctivam
902 3087 1037 3152 babeant
1051 3085 1144 3152 unius
1159 3084 1251 3152 metn‘

117 3211 216 3258 causa
238 3191 377 3276 positum
400 3211 473 3258 esse
496 3199 640 3277 apparet,
667 3211 737 3257 oum
754 3192 855 3258 torma
870 3198 957 3255 curet
971 3210 1034 3256 non
1049 3189 1154 3255 minus
1170 3189 1251 3256 bene

116 3316 214 3378 quarn
237 3303 328 3360 carot
349 3295 496 3388 numeris
512 3294 701 3362 satisfaciat.
743 3294 931 3361 Cornificius
954 3314 995 3360 ex
1016 3302 1089 3358 suut
1106 3293 1161 3379 qui
1174 3312 1247 3377 uno,

115 3418 180 3482 quo
210 3397 297 3484 apud
326 3417 399 3464 eum
429 3397 563 3482 legitur,
594 3399 664 3464 loco
694 3397 928 3464 coniunctivum
958 3416 1147 3482 suspensum
1179 3413 1251 3462 esee

115 3501 219 3569 voluit
239 3502 287 3584 ΙΙ,
317 3506 365 3581 11,
386 3505 426 3566 60
449 3509 522 3565 sunt
545 3502 600 3586 qui
619 3501 822 3582 arbitrentur,
853 3501 963 3569 Cicero
992 3507 1098 3566 autem
1129 3499 1178 3566 bis
1200 3500 1251 3566 in-

114 3605 256 3671 dicativo
277 3625 355 3670 usus
378 3610 427 3670 est
449 3605 516 3670 inv.
534 3605 560 3684 1,
578 3610 631 3686 40,
651 3608 700 3669 12.
727 3606 770 3686 ΙΙ,
796 3611 847 3686 55,
870 3608 928 3670 107
951 3612 1026 3669 sunt
1048 3604 1104 3689 qai
1118 3611 1248 3687 potant,

114 3709 231 3776 ceteris
253 3708 332 3776 locis
355 3708 574 3790 coniunctivo,
608 3709 694 3774 vetut
714 3707 779 3774 inv.
806 3709 856 3789 11,
883 3712 934 3790 49,
957 3712 1015 3772 144
1039 3715 1111 3771 sunt
1133 3706 1189 3792 qui
1210 3743 1248 3754 -

114 3813 234 3876 deant.
281 3810 436 3878 Omnibus
458 3809 544 3877 enim
567 3810 699 3894 reliquis
721 3811 809 3887 locis,
836 3810 952 3893 quibus
967 3810 1043 3876 olim
1059 3809 1250 3875 indicativus

114 3915 289 3996 serebatur,
315 3935 400 3980 nunc
422 3935 463 3981 ex
486 3913 648 3980 codicibus
670 3935 768 3980 manu
783 3912 909 3998 scriptis
925 3912 1091 3978 restitutus
1106 3917 1155 3978 cst
1173 3931 1251 3978 con-

113 4019 286 4085 iunetivus.
327 4017 473 4084 Sallustii
495 4019 618 4084 calamo
640 4018 740 4084 semel
763 4015 882 4082 excidit
903 4025 976 4081 sont
999 4015 1054 4100 qni
1073 4014 1120 4080 ita
1142 4015 1251 4079 dieunt

114 4122 187 4189 Cat.
217 4125 266 4203 19,
284 4127 315 4200 4,
342 4121 473 4204 reliquis
495 4122 575 4188 locis
598 4121 831 4188 coniunctivum
848 4120 965 4206 etipse
981 4118 1149 4205 praetulit:
1175 4119 1245 4185 Cat.

119 4227 220 4306 111.
246 4227 299 4304 11,
321 4228 347 4286 1.
376 4227 427 4304 11,
447 4227 476 4287 r.
504 4227 555 4306 51,
576 4227 606 4289 1.
646 4225 717 4308 lug.
735 4227 787 4305 25,
810 4227 836 4286 1.
864 4225 916 4303 51,
935 4225 966 4287 1.
994 4227 1045 4304 ee,
1065 4223 1096 4288 e.
1125 4227 1196 4304 roe,
1215 4225 1245 4289 e.
