<?xml version="1.0" encoding="UTF-8"?>
<!DOCTYPE html PUBLIC "-//W3C//DTD XHTML 1.0 Transitional//EN"
    "http://www.w3.org/TR/xhtml1/DTD/xhtml1-transitional.dtd">
<html xmlns="http://www.w3.org/1999/xhtml" xml:lang="en" lang="en">
 <head>
  <title>
</title>
<meta http-equiv="Content-Type" content="text/html;charset=utf-8" />
  <meta name='ocr-system' content='tesseract 3.04.00' />
  <meta name='ocr-capabilities' content='ocr_page ocr_carea ocr_par ocr_line ocrx_word'/>
</head>
<body>
  <div class='ocr_page' id='page_1' title='image "./dissertationesp02unkngoog/dissertationesp02unkngoog_0483.png"; bbox 0 0 3034 4896; ppageno 0'>
   <div class='ocr_carea' id='block_1_1' title="bbox 709 315 925 376">
    <p class='ocr_par' dir='ltr' id='par_1_1' title="bbox 709 315 925 376">
     <span class='ocr_line' id='line_1_1' title="bbox 709 315 925 376; baseline 0 -16"><span class='ocrx_word' id='word_1_1' title='bbox 709 315 925 376; x_wconf 76' lang='lat'>..60-</span> 
     </span>
    </p>
   </div>
   <div class='ocr_carea' id='block_1_2' title="bbox 218 501 1392 1914">
    <p class='ocr_par' dir='ltr' id='par_1_2' title="bbox 218 501 1390 1313">
     <span class='ocr_line' id='line_1_2' title="bbox 251 501 1387 590; baseline -0.004 -20"><span class='ocrx_word' id='word_1_2' title='bbox 251 527 312 588; x_wconf 88' lang='lat' dir='ltr'>quo</span> <span class='ocrx_word' id='word_1_3' title='bbox 335 505 464 590; x_wconf 87' lang='lat' dir='ltr'>plumae</span> <span class='ocrx_word' id='word_1_4' title='bbox 485 502 576 587; x_wconf 82' lang='lat' dir='ltr'>ipsae</span> <span class='ocrx_word' id='word_1_5' title='bbox 592 503 733 585; x_wconf 84' lang='lat' dir='ltr'>aliquam</span> <span class='ocrx_word' id='word_1_6' title='bbox 750 502 954 568; x_wconf 78' lang='lat' dir='ltr'><strong>mutationem</strong></span> <span class='ocrx_word' id='word_1_7' title='bbox 971 502 1111 586; x_wconf 81' lang='lat' dir='ltr'>capiant,</span> <span class='ocrx_word' id='word_1_8' title='bbox 1137 501 1196 568; x_wconf 89' lang='lat' dir='ltr'>sed</span> <span class='ocrx_word' id='word_1_9' title='bbox 1210 501 1285 584; x_wconf 90' lang='lat' dir='ltr'>quia</span> <span class='ocrx_word' id='word_1_10' title='bbox 1299 509 1387 566; x_wconf 89' lang='lat' dir='ltr'>recto</span> 
     </span>
     <span class='ocr_line' id='line_1_3' title="bbox 251 603 1387 690; baseline -0.004 -16"><span class='ocrx_word' id='word_1_11' title='bbox 251 617 307 674; x_wconf 90' lang='lat' dir='ltr'>aut</span> <span class='ocrx_word' id='word_1_12' title='bbox 329 607 457 690; x_wconf 89' lang='lat' dir='ltr'>obliquo</span> <span class='ocrx_word' id='word_1_13' title='bbox 479 606 598 670; x_wconf 92' lang='lat' dir='ltr'>lumine</span> <span class='ocrx_word' id='word_1_14' title='bbox 621 604 813 688; x_wconf 80' lang='lat' dir='ltr'>refulgeant.</span> <span class='ocrx_word' id='word_1_15' title='bbox 856 606 966 670; x_wconf 84' lang='lat' dir='ltr'>Altera</span> <span class='ocrx_word' id='word_1_16' title='bbox 988 624 1065 671; x_wconf 85' lang='lat' dir='ltr'>vero</span> <span class='ocrx_word' id='word_1_17' title='bbox 1088 623 1187 670; x_wconf 82' lang='lat' dir='ltr'>causa</span> <span class='ocrx_word' id='word_1_18' title='bbox 1207 605 1241 669; x_wconf 88' lang='lat' dir='ltr'>in</span> <span class='ocrx_word' id='word_1_19' title='bbox 1263 603 1387 670; x_wconf 89' lang='lat' dir='ltr'>eisdem</span> 
     </span>
     <span class='ocr_line' id='line_1_4' title="bbox 251 707 1388 795; baseline -0.005 -17"><span class='ocrx_word' id='word_1_20' title='bbox 251 731 329 795; x_wconf 90' lang='lat' dir='ltr'>quos</span> <span class='ocrx_word' id='word_1_21' title='bbox 358 709 452 776; x_wconf 89' lang='lat' dir='ltr'>modo</span> <span class='ocrx_word' id='word_1_22' title='bbox 480 707 611 774; x_wconf 85' lang='lat' dir='ltr'>laudavi</span> <span class='ocrx_word' id='word_1_23' title='bbox 634 708 778 774; x_wconf 89' lang='lat' dir='ltr'>versibus</span> <span class='ocrx_word' id='word_1_24' title='bbox 802 709 864 774; x_wconf 87' lang='lat' dir='ltr'>sita</span> <span class='ocrx_word' id='word_1_25' title='bbox 886 717 945 774; x_wconf 90' lang='lat' dir='ltr'>est.</span> <span class='ocrx_word' id='word_1_26' title='bbox 985 709 1069 774; x_wconf 87' lang='lat' dir='ltr'>Nam</span> <span class='ocrx_word' id='word_1_27' title='bbox 1093 710 1120 776; x_wconf 90' lang='lat' dir='ltr'>si</span> <span class='ocrx_word' id='word_1_28' title='bbox 1143 710 1206 775; x_wconf 86' lang='lat' dir='ltr'>iam</span> <span class='ocrx_word' id='word_1_29' title='bbox 1229 715 1324 776; x_wconf 85' lang='lat' dir='ltr'>antea</span> <span class='ocrx_word' id='word_1_30' title='bbox 1344 707 1388 773; x_wconf 92' lang='lat' dir='ltr'>de</span> 
     </span>
     <span class='ocr_line' id='line_1_5' title="bbox 250 811 1389 898; baseline -0.004 -17"><span class='ocrx_word' id='word_1_31' title='bbox 250 817 388 881; x_wconf 90' lang='lat' dir='ltr'>colorum</span> <span class='ocrx_word' id='word_1_32' title='bbox 419 813 592 879; x_wconf 84' lang='lat' dir='ltr'>mutatione</span> <span class='ocrx_word' id='word_1_33' title='bbox 623 812 773 893; x_wconf 81' lang='lat' dir='ltr'>dixisset,</span> <span class='ocrx_word' id='word_1_34' title='bbox 807 811 886 878; x_wconf 87' lang='lat' dir='ltr'>satis</span> <span class='ocrx_word' id='word_1_35' title='bbox 916 814 1028 878; x_wconf 91' lang='lat' dir='ltr'>mirum</span> <span class='ocrx_word' id='word_1_36' title='bbox 1053 812 1166 880; x_wconf 86' lang='lat' dir='ltr'>luisset</span> <span class='ocrx_word' id='word_1_37' title='bbox 1194 821 1324 898; x_wconf 88' lang='lat' dir='ltr'>poetam</span> <span class='ocrx_word' id='word_1_38' title='bbox 1351 812 1389 878; x_wconf 92' lang='lat' dir='ltr'>in</span> 
     </span>
     <span class='ocr_line' id='line_1_6' title="bbox 249 915 1386 1002; baseline -0.003 -18"><span class='ocrx_word' id='word_1_39' title='bbox 249 919 393 985; x_wconf 87' lang='lat' dir='ltr'>versibus</span> <span class='ocrx_word' id='word_1_40' title='bbox 408 915 573 1002; x_wconf 79' lang='lat' dir='ltr'>proximis,</span> <span class='ocrx_word' id='word_1_41' title='bbox 592 935 662 980; x_wconf 91' lang='lat' dir='ltr'>eum</span> <span class='ocrx_word' id='word_1_42' title='bbox 679 915 815 982; x_wconf 88' lang='lat' dir='ltr'>eandem</span> <span class='ocrx_word' id='word_1_43' title='bbox 831 935 898 981; x_wconf 91' lang='lat' dir='ltr'>rem</span> <span class='ocrx_word' id='word_1_44' title='bbox 914 921 1069 1000; x_wconf 89' lang='lat' dir='ltr'>taugeret,</span> <span class='ocrx_word' id='word_1_45' title='bbox 1095 916 1243 1001; x_wconf 85' lang='lat' dir='ltr'>exempla</span> <span class='ocrx_word' id='word_1_46' title='bbox 1257 916 1386 992; x_wconf 85' lang='lat' dir='ltr'>afferre,</span> 
     </span>
     <span class='ocr_line' id='line_1_7' title="bbox 249 1019 1389 1104; baseline -0.002 -18"><span class='ocrx_word' id='word_1_47' title='bbox 249 1029 410 1104; x_wconf 85' lang='lat' dir='ltr'>tamquam</span> <span class='ocrx_word' id='word_1_48' title='bbox 440 1020 468 1085; x_wconf 94' lang='lat' dir='ltr'>si</span> <span class='ocrx_word' id='word_1_49' title='bbox 497 1019 577 1085; x_wconf 87' lang='lat' dir='ltr'>haee</span> <span class='ocrx_word' id='word_1_50' title='bbox 607 1038 658 1085; x_wconf 91' lang='lat' dir='ltr'>res</span> <span class='ocrx_word' id='word_1_51' title='bbox 688 1037 820 1103; x_wconf 90' lang='lat' dir='ltr'>prorsus</span> <span class='ocrx_word' id='word_1_52' title='bbox 850 1039 933 1085; x_wconf 87' lang='lat' dir='ltr'>nova</span> <span class='ocrx_word' id='word_1_53' title='bbox 961 1027 1271 1086; x_wconf 78' lang='lat' dir='ltr'>commemoraretur.</span> <span class='ocrx_word' id='word_1_54' title='bbox 1317 1019 1389 1084; x_wconf 88' lang='lat' dir='ltr'>Hoc</span> 
     </span>
     <span class='ocr_line' id='line_1_8' title="bbox 250 1121 1390 1206; baseline -0.004 -16"><span class='ocrx_word' id='word_1_55' title='bbox 250 1145 288 1191; x_wconf 90' lang='lat' dir='ltr'>eo</span> <span class='ocrx_word' id='word_1_56' title='bbox 310 1123 346 1190; x_wconf 90' lang='lat' dir='ltr'>lit</span> <span class='ocrx_word' id='word_1_57' title='bbox 367 1123 435 1190; x_wconf 86' lang='lat' dir='ltr'>veri</span> <span class='ocrx_word' id='word_1_58' title='bbox 457 1122 657 1200; x_wconf 86' lang='lat' dir='ltr'>dissimilius,</span> <span class='ocrx_word' id='word_1_59' title='bbox 682 1121 767 1206; x_wconf 90' lang='lat' dir='ltr'>quod</span> <span class='ocrx_word' id='word_1_60' title='bbox 789 1142 901 1188; x_wconf 86' lang='lat' dir='ltr'>versus</span> <span class='ocrx_word' id='word_1_61' title='bbox 926 1125 1118 1204; x_wconf 86' lang='grc'><strong>795-816,</strong></span> <span class='ocrx_word' id='word_1_62' title='bbox 1150 1123 1213 1188; x_wconf 91' lang='lat' dir='ltr'>nisi</span> <span class='ocrx_word' id='word_1_63' title='bbox 1235 1122 1340 1200; x_wconf 80' lang='lat' dir='ltr'>fallor,</span> <span class='ocrx_word' id='word_1_64' title='bbox 1367 1144 1390 1186; x_wconf 88' lang='lat' dir='ltr'>a</span> 
     </span>
     <span class='ocr_line' id='line_1_9' title="bbox 218 1226 1382 1313; baseline -0.003 -19"><span class='ocrx_word' id='word_1_65' title='bbox 218 1261 224 1270; x_wconf 34' lang='lat' dir='ltr'>x</span> <span class='ocrx_word' id='word_1_66' title='bbox 250 1235 345 1313; x_wconf 91' lang='lat' dir='ltr'>poeta</span> <span class='ocrx_word' id='word_1_67' title='bbox 367 1235 442 1293; x_wconf 91' lang='lat' dir='ltr'>ante</span> <span class='ocrx_word' id='word_1_68' title='bbox 465 1229 625 1290; x_wconf 81' lang='grc'><strong>757-94</strong></span> <span class='ocrx_word' id='word_1_69' title='bbox 649 1226 757 1310; x_wconf 83' lang='lat' dir='ltr'>scripti</span> <span class='ocrx_word' id='word_1_70' title='bbox 783 1234 868 1292; x_wconf 91' lang='lat' dir='ltr'>sunt.</span> <span class='ocrx_word' id='word_1_71' title='bbox 914 1227 996 1291; x_wconf 91' lang='lat' dir='ltr'>Nam</span> <span class='ocrx_word' id='word_1_72' title='bbox 1019 1226 1118 1292; x_wconf 87' lang='lat' dir='ltr'>verba</span> <span class='ocrx_word' id='word_1_73' title='bbox 1147 1227 1202 1308; x_wconf 83' lang='lat' dir='ltr'>(Il,</span> <span class='ocrx_word' id='word_1_74' title='bbox 1231 1229 1382 1307; x_wconf 75' lang='lat'>757-9,</span> 
     </span>
    </p>

    <p class='ocr_par' dir='ltr' id='par_1_3' title="bbox 374 1329 1097 1414">
     <span class='ocr_line' id='line_1_10' title="bbox 374 1329 1097 1414; baseline -0.001 -20"><span class='ocrx_word' id='word_1_75' title='bbox 374 1338 544 1414; x_wconf 81' lang='lat' dir='ltr'>praeterea</span> <span class='ocrx_word' id='word_1_76' title='bbox 565 1330 594 1392; x_wconf 82' lang='lat' dir='ltr'>ci</span> <span class='ocrx_word' id='word_1_77' title='bbox 613 1329 704 1392; x_wconf 82' lang='lat' dir='ltr'>uuila</span> <span class='ocrx_word' id='word_1_78' title='bbox 726 1329 840 1393; x_wconf 79' lang='lat' dir='ltr'>coloris</span> <span class='ocrx_word' id='word_1_79' title='bbox 857 1329 1028 1412; x_wconf 76' lang='lat' dir='ltr'>principiis</span> <span class='ocrx_word' id='word_1_80' title='bbox 1050 1339 1097 1393; x_wconf 83' lang='lat' dir='ltr'>cat</span> 
     </span>
    </p>

    <p class='ocr_par' dir='ltr' id='par_1_4' title="bbox 378 1432 1220 1519">
     <span class='ocr_line' id='line_1_11' title="bbox 378 1432 1220 1519; baseline -0.002 -21"><span class='ocrx_word' id='word_1_81' title='bbox 378 1433 504 1498; x_wconf 82' lang='lat' dir='ltr'>reddito</span> <span class='ocrx_word' id='word_1_82' title='bbox 526 1441 642 1496; x_wconf 80' lang='lat' dir='ltr'>cutura</span> <span class='ocrx_word' id='word_1_83' title='bbox 663 1441 694 1496; x_wconf 87' lang='lat' dir='ltr'>et</span> <span class='ocrx_word' id='word_1_84' title='bbox 716 1433 813 1497; x_wconf 78' lang='lat' dir='ltr'>curiis</span> <span class='ocrx_word' id='word_1_85' title='bbox 834 1442 907 1496; x_wconf 83' lang='lat' dir='ltr'>suut</span> <span class='ocrx_word' id='word_1_86' title='bbox 925 1432 1074 1516; x_wconf 83' lang='lat' dir='ltr'>praedita</span> <span class='ocrx_word' id='word_1_87' title='bbox 1085 1434 1220 1519; x_wconf 77' lang='lat' dir='ltr'>somnio,</span> 
     </span>
    </p>

    <p class='ocr_par' dir='ltr' id='par_1_5' title="bbox 249 1537 1392 1914">
     <span class='ocr_line' id='line_1_12' title="bbox 380 1537 1258 1622; baseline -0.001 -22"><span class='ocrx_word' id='word_1_88' title='bbox 380 1561 396 1600; x_wconf 90' lang='lat' dir='ltr'>e</span> <span class='ocrx_word' id='word_1_89' title='bbox 419 1537 529 1622; x_wconf 80' lang='lat' dir='ltr'>quidus</span> <span class='ocrx_word' id='word_1_90' title='bbox 551 1558 639 1600; x_wconf 83' lang='lat' dir='ltr'>omne</span> <span class='ocrx_word' id='word_1_91' title='bbox 660 1558 758 1620; x_wconf 75' lang='lat' dir='ltr'>penus</span> <span class='ocrx_word' id='word_1_92' title='bbox 779 1537 911 1622; x_wconf 59' lang='lat' dir='ltr'>mount</span> <span class='ocrx_word' id='word_1_93' title='bbox 933 1537 1118 1621; x_wconf 81' lang='lat' dir='ltr'>variantque</span> <span class='ocrx_word' id='word_1_94' title='bbox 1140 1537 1258 1600; x_wconf 83' lang='lat' dir='ltr'>colores</span> 
     </span>
     <span class='ocr_line' id='line_1_13' title="bbox 251 1640 1392 1726; baseline -0.002 -20"><span class='ocrx_word' id='word_1_95' title='bbox 251 1642 296 1706; x_wconf 84' lang='lat' dir='ltr'>ita</span> <span class='ocrx_word' id='word_1_96' title='bbox 318 1647 440 1708; x_wconf 81' lang='lat' dir='ltr'>tantum</span> <span class='ocrx_word' id='word_1_97' title='bbox 463 1640 702 1724; x_wconf 84' lang='lat' dir='ltr'>intelleguntur,</span> <span class='ocrx_word' id='word_1_98' title='bbox 736 1641 764 1706; x_wconf 84' lang='lat' dir='ltr'>ai</span> <span class='ocrx_word' id='word_1_99' title='bbox 792 1640 960 1726; x_wconf 89' lang='lat' dir='ltr'>probatum</span> <span class='ocrx_word' id='word_1_100' title='bbox 988 1647 1053 1721; x_wconf 89' lang='lat' dir='ltr'>est,</span> <span class='ocrx_word' id='word_1_101' title='bbox 1084 1641 1162 1706; x_wconf 88' lang='lat' dir='ltr'>solis</span> <span class='ocrx_word' id='word_1_102' title='bbox 1192 1640 1289 1705; x_wconf 86' lang='lat' dir='ltr'>variis</span> <span class='ocrx_word' id='word_1_103' title='bbox 1319 1640 1392 1724; x_wconf 87' lang='lat' dir='ltr'>pri-</span> 
     </span>
     <span class='ocr_line' id='line_1_14' title="bbox 249 1742 1392 1826; baseline -0.002 -16"><span class='ocrx_word' id='word_1_104' title='bbox 249 1743 441 1811; x_wconf 90' lang='lat' dir='ltr'>mordiorum</span> <span class='ocrx_word' id='word_1_105' title='bbox 464 1743 574 1810; x_wconf 83' lang='lat' dir='ltr'>formis</span> <span class='ocrx_word' id='word_1_106' title='bbox 597 1744 719 1810; x_wconf 88' lang='lat' dir='ltr'>colores</span> <span class='ocrx_word' id='word_1_107' title='bbox 741 1743 831 1826; x_wconf 81' lang='lat' dir='ltr'>gigni</span> <span class='ocrx_word' id='word_1_108' title='bbox 854 1743 1049 1826; x_wconf 85' lang='lat' dir='ltr'>variarique,</span> <span class='ocrx_word' id='word_1_109' title='bbox 1076 1743 1159 1826; x_wconf 88' lang='lat' dir='ltr'>quod</span> <span class='ocrx_word' id='word_1_110' title='bbox 1182 1742 1217 1809; x_wconf 91' lang='lat' dir='ltr'>lit</span> <span class='ocrx_word' id='word_1_111' title='bbox 1239 1743 1392 1808; x_wconf 86' lang='lat' dir='ltr'>versibus</span> 
     </span>
     <span class='ocr_line' id='line_1_15' title="bbox 251 1850 431 1914; baseline -0.011 0"><span class='ocrx_word' id='word_1_112' title='bbox 251 1850 431 1914; x_wconf 79' lang='lat' dir='ltr'>tao-816.</span> 
     </span>
    </p>
   </div>
   <div class='ocr_carea' id='block_1_3' title="bbox 251 1948 1503 2446">
    <p class='ocr_par' dir='ltr' id='par_1_6' title="bbox 251 1948 1390 2237">
     <span class='ocr_line' id='line_1_16' title="bbox 337 1948 1390 2033; baseline -0.002 -17"><span class='ocrx_word' id='word_1_113' title='bbox 337 1951 396 2016; x_wconf 90' lang='lat' dir='ltr'>Hie</span> <span class='ocrx_word' id='word_1_114' title='bbox 419 1958 524 2015; x_wconf 90' lang='lat' dir='ltr'>autom</span> <span class='ocrx_word' id='word_1_115' title='bbox 549 1957 598 2015; x_wconf 90' lang='lat' dir='ltr'>est</span> <span class='ocrx_word' id='word_1_116' title='bbox 619 1950 701 2014; x_wconf 90' lang='lat' dir='ltr'>ulter</span> <span class='ocrx_word' id='word_1_117' title='bbox 717 1969 756 2015; x_wconf 88' lang='lat' dir='ltr'>ex</span> <span class='ocrx_word' id='word_1_118' title='bbox 772 1949 837 2015; x_wconf 87' lang='lat' dir='ltr'>illia</span> <span class='ocrx_word' id='word_1_119' title='bbox 854 1950 943 2025; x_wconf 85' lang='lat' dir='ltr'>locis,</span> <span class='ocrx_word' id='word_1_120' title='bbox 970 1949 1022 2015; x_wconf 89' lang='lat' dir='ltr'>ubi</span> <span class='ocrx_word' id='word_1_121' title='bbox 1039 1949 1284 2033; x_wconf 85' lang='lat' dir='ltr'>interpolatione</span> <span class='ocrx_word' id='word_1_122' title='bbox 1300 1948 1390 2015; x_wconf 87' lang='lat' dir='ltr'>iacta</span> 
     </span>
     <span class='ocr_line' id='line_1_17' title="bbox 251 2052 1390 2139; baseline -0.004 -19"><span class='ocrx_word' id='word_1_123' title='bbox 251 2055 404 2121; x_wconf 87' lang='lat' dir='ltr'>nonnulla</span> <span class='ocrx_word' id='word_1_124' title='bbox 426 2059 540 2139; x_wconf 88' lang='lat' dir='ltr'>poetae</span> <span class='ocrx_word' id='word_1_125' title='bbox 563 2053 660 2119; x_wconf 87' lang='lat' dir='ltr'>verba</span> <span class='ocrx_word' id='word_1_126' title='bbox 682 2072 723 2117; x_wconf 89' lang='lat' dir='ltr'>cx</span> <span class='ocrx_word' id='word_1_127' title='bbox 745 2060 832 2118; x_wconf 90' lang='lat' dir='ltr'>textu</span> <span class='ocrx_word' id='word_1_128' title='bbox 855 2052 991 2138; x_wconf 86' lang='lat' dir='ltr'>depulsa</span> <span class='ocrx_word' id='word_1_129' title='bbox 1013 2071 1085 2120; x_wconf 86' lang='lat' dir='ltr'>csse</span> <span class='ocrx_word' id='word_1_130' title='bbox 1101 2059 1236 2118; x_wconf 82' lang='lat' dir='ltr'>constat.</span> <span class='ocrx_word' id='word_1_131' title='bbox 1276 2052 1390 2117; x_wconf 87' lang='lat' dir='ltr'>Habe-</span> 
     </span>
     <span class='ocr_line' id='line_1_18' title="bbox 251 2155 1199 2237; baseline -0.006 -15"><span class='ocrx_word' id='word_1_132' title='bbox 251 2177 322 2224; x_wconf 90' lang='lat' dir='ltr'>mus</span> <span class='ocrx_word' id='word_1_133' title='bbox 344 2157 484 2232; x_wconf 90' lang='lat' dir='ltr'>enimin</span> <span class='ocrx_word' id='word_1_134' title='bbox 508 2175 603 2222; x_wconf 82' lang='lat' dir='ltr'>versu</span> <span class='ocrx_word' id='word_1_135' title='bbox 626 2155 667 2237; x_wconf 93' lang='lat' dir='ltr'>II,</span> <span class='ocrx_word' id='word_1_136' title='bbox 696 2158 756 2220; x_wconf 74' lang='lat'>748</span> <span class='ocrx_word' id='word_1_137' title='bbox 781 2156 959 2221; x_wconf 88' lang='lat' dir='ltr'>mutilatum</span> <span class='ocrx_word' id='word_1_138' title='bbox 982 2156 1199 2222; x_wconf 90' lang='lat' dir='ltr'>enuntiatum:</span> 
     </span>
    </p>

    <p class='ocr_par' dir='ltr' id='par_1_7' title="bbox 252 2259 1503 2446">
     <span class='ocr_line' id='line_1_19' title="bbox 417 2259 1221 2344; baseline -0.001 -21"><span class='ocrx_word' id='word_1_139' title='bbox 417 2261 501 2344; x_wconf 81' lang='lat' dir='ltr'>quod</span> <span class='ocrx_word' id='word_1_140' title='bbox 521 2259 666 2344; x_wconf 81' lang='lat' dir='ltr'>quonium</span> <span class='ocrx_word' id='word_1_141' title='bbox 690 2259 777 2323; x_wconf 83' lang='lat' dir='ltr'>vinco</span> <span class='ocrx_word' id='word_1_142' title='bbox 786 2259 879 2342; x_wconf 82' lang='lat' dir='ltr'>fieri,</span> <span class='ocrx_word' id='word_1_143' title='bbox 905 2282 986 2323; x_wconf 78' lang='lat' dir='ltr'>curte</span> <span class='ocrx_word' id='word_1_144' title='bbox 1008 2281 1075 2324; x_wconf 79' lang='lat' dir='ltr'>ecee</span> <span class='ocrx_word' id='word_1_145' title='bbox 1098 2260 1221 2324; x_wconf 83' lang='lat' dir='ltr'>docebo.</span> 
     </span>
     <span class='ocr_line' id='line_1_20' title="bbox 252 2359 1503 2446; baseline -0.002 -18"><span class='ocrx_word' id='word_1_146' title='bbox 252 2363 343 2441; x_wconf 84' lang='lat' dir='ltr'>Quod</span> <span class='ocrx_word' id='word_1_147' title='bbox 366 2383 438 2429; x_wconf 90' lang='lat' dir='ltr'>eum</span> <span class='ocrx_word' id='word_1_148' title='bbox 454 2361 609 2428; x_wconf 86' lang='lat' dir='ltr'>conficere</span> <span class='ocrx_word' id='word_1_149' title='bbox 625 2363 732 2442; x_wconf 84' lang='lat' dir='ltr'>vellet,</span> <span class='ocrx_word' id='word_1_150' title='bbox 759 2361 924 2428; x_wconf 87' lang='lat' dir='ltr'>Bentleius</span> <span class='ocrx_word' id='word_1_151' title='bbox 948 2369 1022 2446; x_wconf 87' lang='lat' dir='ltr'>post</span> <span class='ocrx_word' id='word_1_152' title='bbox 1038 2365 1097 2425; x_wconf 76' lang='lat' dir='ltr'>rto</span> <span class='ocrx_word' id='word_1_153' title='bbox 1116 2359 1388 2446; x_wconf 88' lang='lat' dir='ltr'>transponendum</span> <span class='ocrx_word' id='word_1_154' title='bbox 1502 2369 1503 2401; x_wconf 60' lang='lat'><em>³</em></span> 
     </span>
    </p>
   </div>
   <div class='ocr_carea' id='block_1_4' title="bbox 249 2469 1389 4305">
    <p class='ocr_par' dir='ltr' id='par_1_8' title="bbox 252 2469 559 2534">
     <span class='ocr_line' id='line_1_21' title="bbox 252 2469 559 2534; baseline -0.007 0"><span class='ocrx_word' id='word_1_155' title='bbox 252 2487 323 2534; x_wconf 86' lang='lat' dir='ltr'>esse</span> <span class='ocrx_word' id='word_1_156' title='bbox 346 2485 473 2532; x_wconf 90' lang='lat' dir='ltr'>versum</span> <span class='ocrx_word' id='word_1_157' title='bbox 498 2469 559 2532; x_wconf 79' lang='lat'>743</span> 
     </span>
    </p>

    <p class='ocr_par' dir='ltr' id='par_1_9' title="bbox 251 2569 1389 3068">
     <span class='ocr_line' id='line_1_22' title="bbox 468 2569 1167 2634; baseline -0.004 -1"><span class='ocrx_word' id='word_1_158' title='bbox 468 2592 506 2633; x_wconf 80' lang='lat' dir='ltr'>eu</span> <span class='ocrx_word' id='word_1_159' title='bbox 528 2569 651 2634; x_wconf 75' lang='lat' dir='ltr'>ineunte</span> <span class='ocrx_word' id='word_1_160' title='bbox 673 2592 749 2633; x_wconf 82' lang='lat' dir='ltr'>ceco</span> <span class='ocrx_word' id='word_1_161' title='bbox 771 2569 857 2632; x_wconf 76' lang='lat' dir='ltr'>cotto</span> <span class='ocrx_word' id='word_1_162' title='bbox 880 2569 1043 2632; x_wconf 82' lang='lat' dir='ltr'>coniuncta</span> <span class='ocrx_word' id='word_1_163' title='bbox 1064 2569 1167 2632; x_wconf 83' lang='lat' dir='ltr'>colore</span> 
     </span>
     <span class='ocr_line' id='line_1_23' title="bbox 252 2669 1389 2754; baseline -0.004 -16"><span class='ocrx_word' id='word_1_164' title='bbox 252 2672 385 2740; x_wconf 90' lang='lat' dir='ltr'>censuit.</span> <span class='ocrx_word' id='word_1_165' title='bbox 426 2671 490 2737; x_wconf 89' lang='lat' dir='ltr'>Sed</span> <span class='ocrx_word' id='word_1_166' title='bbox 512 2672 539 2736; x_wconf 88' lang='lat' dir='ltr'>si</span> <span class='ocrx_word' id='word_1_167' title='bbox 563 2671 610 2736; x_wconf 91' lang='lat' dir='ltr'>sic</span> <span class='ocrx_word' id='word_1_168' title='bbox 632 2672 847 2736; x_wconf 82' lang='lat' dir='ltr'>accusativum</span> <span class='ocrx_word' id='word_1_169' title='bbox 871 2689 943 2735; x_wconf 91' lang='lat' dir='ltr'>cum</span> <span class='ocrx_word' id='word_1_170' title='bbox 965 2669 1122 2735; x_wconf 85' lang='lat' dir='ltr'>infinitivo</span> <span class='ocrx_word' id='word_1_171' title='bbox 1140 2691 1160 2736; x_wconf 97' lang='lat' dir='ltr'>a</span> <span class='ocrx_word' id='word_1_172' title='bbox 1175 2671 1288 2734; x_wconf 82' lang='lat' dir='ltr'>docebo</span> <span class='ocrx_word' id='word_1_173' title='bbox 1304 2690 1389 2754; x_wconf 91' lang='lat' dir='ltr'>pen-</span> 
     </span>
     <span class='ocr_line' id='line_1_24' title="bbox 251 2772 1385 2857; baseline -0.006 -16"><span class='ocrx_word' id='word_1_174' title='bbox 251 2775 378 2841; x_wconf 90' lang='lat' dir='ltr'>dentem</span> <span class='ocrx_word' id='word_1_175' title='bbox 390 2773 571 2850; x_wconf 90' lang='lat' dir='ltr'>statuimus,</span> <span class='ocrx_word' id='word_1_176' title='bbox 586 2772 677 2839; x_wconf 88' lang='lat' dir='ltr'>deest</span> <span class='ocrx_word' id='word_1_177' title='bbox 692 2774 720 2839; x_wconf 93' lang='lat' dir='ltr'>is</span> <span class='ocrx_word' id='word_1_178' title='bbox 736 2774 938 2839; x_wconf 87' lang='lat' dir='ltr'>accusativus</span> <span class='ocrx_word' id='word_1_179' title='bbox 955 2777 1010 2854; x_wconf 80' lang='lat' dir='ltr'>(sc.</span> <span class='ocrx_word' id='word_1_180' title='bbox 1024 2772 1225 2857; x_wconf 85' lang='lat' dir='ltr'>»primordia«</span> <span class='ocrx_word' id='word_1_181' title='bbox 1242 2793 1274 2836; x_wconf 92' lang='lat' dir='ltr'>v.</span> <span class='ocrx_word' id='word_1_182' title='bbox 1291 2793 1385 2854; x_wconf 56' lang='lat' dir='ltr'>aean:</span> 
     </span>
     <span class='ocr_line' id='line_1_25' title="bbox 251 2875 1386 2964; baseline -0.005 -20"><span class='ocrx_word' id='word_1_183' title='bbox 251 2880 305 2961; x_wconf 86' lang='lat' dir='ltr'>qui</span> <span class='ocrx_word' id='word_1_184' title='bbox 329 2899 369 2944; x_wconf 93' lang='lat' dir='ltr'>ex</span> <span class='ocrx_word' id='word_1_185' title='bbox 392 2877 545 2964; x_wconf 87' lang='lat' dir='ltr'>proximis</span> <span class='ocrx_word' id='word_1_186' title='bbox 567 2876 759 2960; x_wconf 77' lang='lat' dir='ltr'>cogitatione</span> <span class='ocrx_word' id='word_1_187' title='bbox 782 2875 859 2942; x_wconf 91' lang='lat' dir='ltr'>addi</span> <span class='ocrx_word' id='word_1_188' title='bbox 886 2877 1011 2960; x_wconf 86' lang='lat' dir='ltr'>nequit,</span> <span class='ocrx_word' id='word_1_189' title='bbox 1037 2877 1185 2960; x_wconf 88' lang='lat' dir='ltr'>quoniam</span> <span class='ocrx_word' id='word_1_190' title='bbox 1208 2876 1241 2940; x_wconf 91' lang='lat' dir='ltr'>in</span> <span class='ocrx_word' id='word_1_191' title='bbox 1264 2880 1340 2941; x_wconf 87' lang='grc'><strong>746.</strong></span> <span class='ocrx_word' id='word_1_192' title='bbox 1368 2880 1386 2938; x_wconf 82' lang='lat' dir='ltr'>&#39;r&#39;</span> 
     </span>
     <span class='ocr_line' id='line_1_26' title="bbox 251 2978 1158 3068; baseline -0.007 -18"><span class='ocrx_word' id='word_1_193' title='bbox 251 3002 312 3050; x_wconf 89' lang='lat' dir='ltr'>uon</span> <span class='ocrx_word' id='word_1_194' title='bbox 336 2981 376 3048; x_wconf 93' lang='lat' dir='ltr'>de</span> <span class='ocrx_word' id='word_1_195' title='bbox 400 2978 581 3068; x_wconf 91' lang='lat' dir='ltr'>primordiis</span> <span class='ocrx_word' id='word_1_196' title='bbox 604 2979 719 3062; x_wconf 89' lang='lat' dir='ltr'>agitur,</span> <span class='ocrx_word' id='word_1_197' title='bbox 745 2979 804 3047; x_wconf 88' lang='lat' dir='ltr'>sed</span> <span class='ocrx_word' id='word_1_198' title='bbox 827 2979 867 3045; x_wconf 89' lang='lat' dir='ltr'>de</span> <span class='ocrx_word' id='word_1_199' title='bbox 891 2979 938 3046; x_wconf 89' lang='lat' dir='ltr'>eis</span> <span class='ocrx_word' id='word_1_200' title='bbox 960 2980 1158 3064; x_wconf 87' lang='lat' dir='ltr'>corporibus,</span> 
     </span>
    </p>

    <p class='ocr_par' dir='ltr' id='par_1_10' title="bbox 337 3083 1271 3470">
     <span class='ocr_line' id='line_1_27' title="bbox 622 3083 1271 3168; baseline -0.003 -22"><span class='ocrx_word' id='word_1_201' title='bbox 622 3105 678 3147; x_wconf 82' lang='lat' dir='ltr'>uos</span> <span class='ocrx_word' id='word_1_202' title='bbox 699 3084 764 3166; x_wconf 65' lang='lat' dir='ltr'>epti</span> <span class='ocrx_word' id='word_1_203' title='bbox 784 3083 882 3148; x_wconf 57' lang='lat' dir='ltr'>caeco</span> <span class='ocrx_word' id='word_1_204' title='bbox 905 3105 1114 3168; x_wconf 82' lang='lat' dir='ltr'>quaecumque</span> <span class='ocrx_word' id='word_1_205' title='bbox 1138 3083 1271 3147; x_wconf 79' lang='lat' dir='ltr'>tenebris</span> 
     </span>
     <span class='ocr_line' id='line_1_28' title="bbox 494 3187 878 3276; baseline 0 -26"><span class='ocrx_word' id='word_1_206' title='bbox 494 3187 659 3271; x_wconf 63' lang='lat' dir='ltr'>tangimus.</span> <span class='ocrx_word' id='word_1_207' title='bbox 876 3269 878 3276; x_wconf 28' lang='grc' dir='ltr'>Ι</span> 
     </span>
     <span class='ocr_line' id='line_1_29' title="bbox 337 3288 1033 3373; baseline -0.001 -19"><span class='ocrx_word' id='word_1_208' title='bbox 337 3288 461 3356; x_wconf 89' lang='lat' dir='ltr'>Deinde</span> <span class='ocrx_word' id='word_1_209' title='bbox 483 3289 624 3373; x_wconf 89' lang='lat' dir='ltr'>probabo</span> <span class='ocrx_word' id='word_1_210' title='bbox 646 3288 802 3354; x_wconf 91' lang='lat' dir='ltr'>insiticios</span> <span class='ocrx_word' id='word_1_211' title='bbox 825 3307 898 3354; x_wconf 88' lang='lat' dir='ltr'>esse</span> <span class='ocrx_word' id='word_1_212' title='bbox 920 3307 1033 3354; x_wconf 82' lang='lat' dir='ltr'>uersus</span> 
     </span>
     <span class='ocr_line' id='line_1_30' title="bbox 707 3391 925 3470; baseline -0.009 -14"><span class='ocrx_word' id='word_1_213' title='bbox 707 3391 737 3470; x_wconf 95' lang='lat' dir='ltr'>I,</span> <span class='ocrx_word' id='word_1_214' title='bbox 766 3394 925 3456; x_wconf 76' lang='lat' dir='ltr'>uto—74.</span> 
     </span>
    </p>

    <p class='ocr_par' dir='ltr' id='par_1_11' title="bbox 249 3493 1388 4305">
     <span class='ocr_line' id='line_1_31' title="bbox 250 3493 1387 3577; baseline -0.003 -15"><span class='ocrx_word' id='word_1_215' title='bbox 250 3495 329 3563; x_wconf 91' lang='lat' dir='ltr'>Inde</span> <span class='ocrx_word' id='word_1_216' title='bbox 352 3515 372 3560; x_wconf 87' lang='lat' dir='ltr'>a</span> <span class='ocrx_word' id='word_1_217' title='bbox 394 3515 488 3560; x_wconf 89' lang='lat' dir='ltr'>versu</span> <span class='ocrx_word' id='word_1_218' title='bbox 510 3496 536 3574; x_wconf 87' lang='grc' dir='ltr'>Ι,</span> <span class='ocrx_word' id='word_1_219' title='bbox 564 3499 625 3560; x_wconf 78' lang='grc'>645</span> <span class='ocrx_word' id='word_1_220' title='bbox 649 3494 767 3560; x_wconf 83' lang='lat' dir='ltr'>refutat</span> <span class='ocrx_word' id='word_1_221' title='bbox 782 3494 950 3562; x_wconf 89' lang='lat' dir='ltr'>Lucretius</span> <span class='ocrx_word' id='word_1_222' title='bbox 966 3493 1173 3574; x_wconf 84' lang='lat' dir='ltr'>Heraclitum,</span> <span class='ocrx_word' id='word_1_223' title='bbox 1200 3493 1253 3576; x_wconf 90' lang='lat' dir='ltr'>qui</span> <span class='ocrx_word' id='word_1_224' title='bbox 1277 3493 1387 3577; x_wconf 86' lang='lat' dir='ltr'>ignem</span> 
     </span>
     <span class='ocr_line' id='line_1_32' title="bbox 250 3597 1388 3683; baseline -0.002 -19"><span class='ocrx_word' id='word_1_225' title='bbox 250 3598 438 3683; x_wconf 91' lang='lat' dir='ltr'>principium</span> <span class='ocrx_word' id='word_1_226' title='bbox 472 3598 612 3663; x_wconf 90' lang='lat' dir='ltr'>omnium</span> <span class='ocrx_word' id='word_1_227' title='bbox 645 3617 750 3664; x_wconf 90' lang='lat' dir='ltr'>rerum</span> <span class='ocrx_word' id='word_1_228' title='bbox 780 3617 852 3664; x_wconf 84' lang='lat' dir='ltr'>esse</span> <span class='ocrx_word' id='word_1_229' title='bbox 881 3597 1043 3663; x_wconf 85' lang='lat' dir='ltr'>docuerat.</span> <span class='ocrx_word' id='word_1_230' title='bbox 1090 3598 1219 3672; x_wconf 84' lang='lat' dir='ltr'>Altera,</span> <span class='ocrx_word' id='word_1_231' title='bbox 1252 3597 1293 3664; x_wconf 94' lang='lat' dir='ltr'>de</span> <span class='ocrx_word' id='word_1_232' title='bbox 1323 3616 1388 3680; x_wconf 91' lang='lat' dir='ltr'>qua</span> 
     </span>
     <span class='ocr_line' id='line_1_33' title="bbox 250 3699 1384 3784; baseline -0.002 -17"><span class='ocrx_word' id='word_1_233' title='bbox 250 3722 334 3768; x_wconf 92' lang='lat' dir='ltr'>nunc</span> <span class='ocrx_word' id='word_1_234' title='bbox 357 3702 426 3768; x_wconf 88' lang='lat' dir='ltr'>sola</span> <span class='ocrx_word' id='word_1_235' title='bbox 448 3699 618 3769; x_wconf 91' lang='lat' dir='ltr'>dicendum</span> <span class='ocrx_word' id='word_1_236' title='bbox 640 3709 699 3782; x_wconf 88' lang='lat' dir='ltr'>est,</span> <span class='ocrx_word' id='word_1_237' title='bbox 726 3719 824 3766; x_wconf 89' lang='lat' dir='ltr'>causa</span> <span class='ocrx_word' id='word_1_238' title='bbox 847 3701 1038 3766; x_wconf 85' lang='lat' dir='ltr'>avarietute</span> <span class='ocrx_word' id='word_1_239' title='bbox 1054 3719 1156 3766; x_wconf 91' lang='lat' dir='ltr'>rerum</span> <span class='ocrx_word' id='word_1_240' title='bbox 1174 3707 1300 3784; x_wconf 86' lang='lat' dir='ltr'>sumpta</span> <span class='ocrx_word' id='word_1_241' title='bbox 1316 3708 1384 3766; x_wconf 89' lang='lat' dir='ltr'>est:</span> 
     </span>
     <span class='ocr_line' id='line_1_34' title="bbox 250 3801 1388 3891; baseline -0.001 -20"><span class='ocrx_word' id='word_1_242' title='bbox 250 3825 313 3871; x_wconf 89' lang='lat' dir='ltr'>uon</span> <span class='ocrx_word' id='word_1_243' title='bbox 336 3823 430 3889; x_wconf 89' lang='lat' dir='ltr'>posse</span> <span class='ocrx_word' id='word_1_244' title='bbox 453 3823 525 3870; x_wconf 84' lang='lat' dir='ltr'>esse</span> <span class='ocrx_word' id='word_1_245' title='bbox 547 3810 612 3868; x_wconf 88' lang='lat' dir='ltr'>tam</span> <span class='ocrx_word' id='word_1_246' title='bbox 634 3803 742 3868; x_wconf 85' lang='lat' dir='ltr'>varias</span> <span class='ocrx_word' id='word_1_247' title='bbox 764 3822 833 3883; x_wconf 88' lang='lat' dir='ltr'>res,</span> <span class='ocrx_word' id='word_1_248' title='bbox 860 3804 887 3870; x_wconf 90' lang='lat' dir='ltr'>si</span> <span class='ocrx_word' id='word_1_249' title='bbox 911 3823 1021 3869; x_wconf 87' lang='lat' dir='ltr'>omnes</span> <span class='ocrx_word' id='word_1_250' title='bbox 1046 3822 1089 3868; x_wconf 89' lang='lat' dir='ltr'>ex</span> <span class='ocrx_word' id='word_1_251' title='bbox 1110 3801 1221 3868; x_wconf 89' lang='lat' dir='ltr'>eodem</span> <span class='ocrx_word' id='word_1_252' title='bbox 1243 3822 1388 3891; x_wconf 84' lang='lat' dir='ltr'>puroque</span> 
     </span>
     <span class='ocr_line' id='line_1_35' title="bbox 250 3904 1387 3990; baseline 0 -18"><span class='ocrx_word' id='word_1_253' title='bbox 250 3907 325 3990; x_wconf 89' lang='lat' dir='ltr'>igne</span> <span class='ocrx_word' id='word_1_254' title='bbox 346 3913 475 3974; x_wconf 88' lang='lat' dir='ltr'>creatae</span> <span class='ocrx_word' id='word_1_255' title='bbox 491 3906 570 3982; x_wconf 91' lang='lat' dir='ltr'>siut;</span> <span class='ocrx_word' id='word_1_256' title='bbox 598 3905 725 3972; x_wconf 88' lang='lat' dir='ltr'>sienim</span> <span class='ocrx_word' id='word_1_257' title='bbox 741 3905 826 3989; x_wconf 91' lang='lat' dir='ltr'>ignis</span> <span class='ocrx_word' id='word_1_258' title='bbox 843 3913 1033 3972; x_wconf 85' lang='lat' dir='ltr'>extenuetur</span> <span class='ocrx_word' id='word_1_259' title='bbox 1048 3905 1101 3972; x_wconf 85' lang='lat' dir='ltr'>rel</span> <span class='ocrx_word' id='word_1_260' title='bbox 1116 3904 1280 3984; x_wconf 89' lang='lat' dir='ltr'>densetur,</span> <span class='ocrx_word' id='word_1_261' title='bbox 1303 3905 1387 3972; x_wconf 87' lang='lat' dir='ltr'>nihil</span> 
     </span>
     <span class='ocr_line' id='line_1_36' title="bbox 249 4007 1387 4095; baseline -0.003 -18"><span class='ocrx_word' id='word_1_262' title='bbox 249 4009 323 4078; x_wconf 81' lang='lat' dir='ltr'>inde</span> <span class='ocrx_word' id='word_1_263' title='bbox 347 4009 456 4095; x_wconf 88' lang='lat' dir='ltr'>profici</span> <span class='ocrx_word' id='word_1_264' title='bbox 479 4008 541 4075; x_wconf 90' lang='lat' dir='ltr'>nisi</span> <span class='ocrx_word' id='word_1_265' title='bbox 565 4016 601 4073; x_wconf 92' lang='lat' dir='ltr'>ut</span> <span class='ocrx_word' id='word_1_266' title='bbox 621 4008 716 4074; x_wconf 84' lang='lat' dir='ltr'>ardor</span> <span class='ocrx_word' id='word_1_267' title='bbox 738 4009 809 4074; x_wconf 87' lang='lat' dir='ltr'>eius</span> <span class='ocrx_word' id='word_1_268' title='bbox 837 4015 994 4093; x_wconf 85' lang='lat' dir='ltr'>augeatur</span> <span class='ocrx_word' id='word_1_269' title='bbox 1016 4008 1068 4074; x_wconf 89' lang='lat' dir='ltr'>vel</span> <span class='ocrx_word' id='word_1_270' title='bbox 1089 4007 1302 4086; x_wconf 88' lang='lat' dir='ltr'>diminuatur;</span> <span class='ocrx_word' id='word_1_271' title='bbox 1335 4009 1387 4076; x_wconf 91' lang='lat' dir='ltr'>sin</span> 
     </span>
     <span class='ocr_line' id='line_1_37' title="bbox 249 4109 1387 4196; baseline 0 -20"><span class='ocrx_word' id='word_1_272' title='bbox 249 4113 356 4196; x_wconf 91' lang='lat' dir='ltr'>ignem</span> <span class='ocrx_word' id='word_1_273' title='bbox 378 4111 412 4176; x_wconf 92' lang='lat' dir='ltr'>in</span> <span class='ocrx_word' id='word_1_274' title='bbox 440 4111 536 4177; x_wconf 88' lang='lat' dir='ltr'>rebus</span> <span class='ocrx_word' id='word_1_275' title='bbox 565 4111 713 4177; x_wconf 89' lang='lat' dir='ltr'>creandis</span> <span class='ocrx_word' id='word_1_276' title='bbox 741 4109 860 4194; x_wconf 90' lang='lat' dir='ltr'>stingui</span> <span class='ocrx_word' id='word_1_277' title='bbox 890 4111 1068 4194; x_wconf 87' lang='lat' dir='ltr'>mutarique</span> <span class='ocrx_word' id='word_1_278' title='bbox 1098 4118 1244 4196; x_wconf 91' lang='lat' dir='ltr'>ponatur,</span> <span class='ocrx_word' id='word_1_279' title='bbox 1279 4111 1387 4195; x_wconf 89' lang='lat' dir='ltr'>ignem</span> 
     </span>
     <span class='ocr_line' id='line_1_38' title="bbox 250 4212 1387 4305; baseline 0 -25"><span class='ocrx_word' id='word_1_280' title='bbox 250 4215 346 4305; x_wconf 87' lang='lat' dir='ltr'>plane</span> <span class='ocrx_word' id='word_1_281' title='bbox 362 4213 547 4300; x_wconf 89' lang='lat' dir='ltr'>periturum,</span> <span class='ocrx_word' id='word_1_282' title='bbox 573 4220 605 4279; x_wconf 90' lang='lat' dir='ltr'>et</span> <span class='ocrx_word' id='word_1_283' title='bbox 620 4233 838 4296; x_wconf 90' lang='lat' dir='ltr'>quaecumque</span> <span class='ocrx_word' id='word_1_284' title='bbox 853 4213 915 4278; x_wconf 92' lang='lat' dir='ltr'>iam</span> <span class='ocrx_word' id='word_1_285' title='bbox 932 4219 1089 4286; x_wconf 88' lang='lat' dir='ltr'>creentur,</span> <span class='ocrx_word' id='word_1_286' title='bbox 1116 4233 1134 4278; x_wconf 95' lang='lat' dir='ltr'>e</span> <span class='ocrx_word' id='word_1_287' title='bbox 1153 4212 1252 4278; x_wconf 92' lang='lat' dir='ltr'>nihilo</span> <span class='ocrx_word' id='word_1_288' title='bbox 1268 4213 1387 4280; x_wconf 84' lang='lat' dir='ltr'>oritura</span> 
     </span>
    </p>
   </div>
   <div class='ocr_carea' id='block_1_5' title="bbox 0 0 1522 4896">
    <p class='ocr_par' dir='ltr' id='par_1_12' title="bbox 0 0 1522 4896">
     <span class='ocr_line' id='line_1_39' title="bbox 0 0 1522 4896; baseline 0 0"><span class='ocrx_word' id='word_1_289' title='bbox 0 0 1522 4896; x_wconf 95' lang='lat' dir='ltr'> </span> 
     </span>
    </p>
   </div>
  </div>
 </body>
</html>
