3048 4898
263 357 305 421 aa
705 392 748 402 -
795 354 868 437 [so]
916 393 955 401 -
1027 351 1030 356 ·

263 552 451 618 coniecturis
465 555 652 634 temptatam
666 556 800 634 apparet
814 551 909 616 etiam
924 571 963 615 ex
977 547 1113 615 Stobeeo
1128 547 1208 634 (flor.
1219 550 1322 614 XXXI
1340 551 1409 634 16),

261 659 316 725 uhi
340 660 373 724 hi
397 679 506 724 versus
529 657 691 741 leguntur:

400 775 528 847 Οὐδένα
551 773 726 868 θησαυρὸν
750 777 956 867 καταθήσεαι
981 777 1080 845 ἔνδον
1090 781 1117 867 ¹)
1141 773 1267 865 ἀμείνω

440 889 563 968 αἰδοῦς,
587 880 628 976 ἣν
653 881 794 973 ἀγαθοῖς
817 881 967 972 ἀνδράσι,
990 883 1111 972 Κύρνε,
1135 888 1243 965 δίδως.

264 1015 394 1081 Versum
417 1015 509 1091 1161,
532 1015 656 1098 qualem
679 1013 838 1096 exscripsi,
862 1033 925 1077 non
947 1018 1032 1078 recte
1051 1013 1113 1097 legi
1132 1020 1272 1097 apparet.
1303 1037 1409 1078 κατα-

262 1117 381 1208 θήσειν
405 1122 487 1187 cnim
510 1120 642 1186 formam
666 1121 785 1186 servari
808 1121 930 1184 numeri
954 1125 1075 1196 vetant,
1103 1121 1164 1185 nisi
1187 1120 1309 1185 inverso
1333 1142 1409 1184 ver-

261 1229 373 1294 berum
404 1229 513 1294 ordine
545 1227 703 1294 scribatur
734 1221 940 1312 καταθήσειν
971 1228 1086 1292 παισὶν
1115 1219 1260 1311 άμεινον.
1312 1227 1410 1305 Quod

262 1339 288 1402 si
311 1335 361 1414 fit,
384 1335 483 1402 hebes
506 1340 580 1400 unte
603 1356 766 1401 caesuram
789 1333 962 1398 bucolicum
986 1333 1173 1399 vocabulum
1195 1335 1410 1418 quadrisylla-

261 1444 336 1508 bum
358 1444 463 1522 ,ionici
485 1430 650 1507 a'minori‘
673 1441 775 1506 forma
797 1441 928 1524 insigne,
951 1441 1035 1522 quod
1054 1440 1095 1506 ab
1113 1449 1182 1506 arte
1201 1441 1411 1524 Theognidea

260 1550 432 1616 abhorrere
449 1551 571 1615 monuit
589 1570 646 1614 nos
661 1547 895 1613 Studcmundus
914 1549 947 1611 in
965 1547 1080 1612 scholis
1098 1547 1168 1632 (cfr.
1183 1569 1279 1631 supra
1292 1570 1321 1631 p.
1338 1548 1410 1634 75).

261 1656 437 1722 Infinitivus
455 1663 561 1722 autem
579 1656 634 1720 ille
650 1649 856 1740 καταθήσειν
875 1659 931 1719 aut
949 1655 1056 1738 inepte
1075 1676 1132 1738 pro
1146 1655 1333 1738 imperativo
1348 1676 1410 1737 pu·

261 1767 339 1829 situs
358 1770 414 1828 aut
434 1762 555 1828 librarii
574 1783 680 1827 errore
700 1767 846 1826 exaratus
867 1768 915 1826 est
932 1783 989 1844 pro
1008 1757 1229 1847 καταθήσεαιε
1253 1762 1308 1826 ΑΙ
1321 1763 1410 1826 enim

262 1877 295 1936 et
321 1875 358 1935 N
376 1871 556 1954 saepissime
584 1871 615 1932 in
644 1866 804 1934 codicibus
830 1874 1057 1951 permutantur.
1107 1869 1228 1933 Deinde
1252 1865 1411 1933 αἰτοῦσιν

260 1977 340 2043 iliud
362 1979 396 2041 in
421 2001 445 2042 v.
468 1976 552 2040 1162
575 1984 631 2040 aut
653 1997 717 2040 nen
734 1981 819 2040 reete
838 1997 857 2040 a
874 1975 1006 2040 librario
1029 1975 1193 2059 legebatur
1211 1995 1269 2058 pre
1288 1972 1411 2053 αἰδοῦς

262 2075 302 2170 ήν
327 2075 406 2171 (ἥτ’)
426 2135 432 2148 .
453 2133 487 2160 .,
519 2104 559 2147 au
602 2084 665 2147 iem
687 2089 756 2147 tum
783 2081 880 2147 verba
912 2082 968 2146 illa
995 2088 1145 2166 corrupta
1171 2083 1205 2146 in
1231 2081 1410 2166 archetypo

261 2191 436 2256 exstabant.
491 2189 556 2255 Nec
587 2189 656 2254 fieri
688 2192 801 2272 potuit,
834 2191 909 2273 quin
941 2188 1078 2266 librarii,
1111 2211 1179 2253 eurn
1211 2191 1410 2272 pentametri

261 2297 387 2362 initium
410 2300 564 2362 incertum
587 2297 792 2372 invenissent,
816 2299 880 2361 sive
904 2295 1018 2372 αἰδοῦς
1041 2287 1082 2382 ήν
1167 2296 1314 2379 legebant
1340 2298 1411 2362 sive

261 2402 375 2480 αἰδοῦς
397 2395 452 2490 ἥτ’
472 2453 541 2480 ...,
569 2405 665 2468 etiam
688 2425 795 2468 versus
818 2404 936 2469 exitum
961 2403 1128 2468 variarent.
1175 2402 1251 2468 Inde
1275 2405 1410 2486 quidem

260 2510 430 2574 lectionum
457 2511 669 2594 discrepantia
700 2518 771 2575 orta
798 2510 922 2575 videtur
955 2531 1022 2574 esse
1053 2511 1086 2574 in
1119 2508 1181 2574 fine
1211 2513 1410 2592 pentametri

260 2617 423 2700 utriusque
461 2614 715 2682 δι’δοο-ἔπεται.
780 2617 958 2700 Utrumque
1000 2622 1106 2681 autem
1142 2617 1298 2682 distichon
1332 2639 1408 2682 eum

260 2745 361 2806 neque
395 2724 427 2788 in
455 2723 647 2807 Theognidis
681 2723 841 2789 codicibus
873 2745 975 2806 neque
1007 2723 1091 2807 apud
1119 2722 1290 2788 Stohaeum
1317 2733 1410 2790 recte

259 2830 413 2896 traditum
440 2831 614 2907 videretur,
647 2831 839 2916 aargkium)
870 2833 1037 2913 genuinam
1069 2834 1181 2913 potitae
1214 2833 1409 2896 sententiam

258 2938 445 3004 lectionibus
473 2940 537 3004 illis
564 2939 738 3003 coniunctis
766 2945 945 3002 restaurare
972 2938 1106 3014 studuit,
1138 2959 1208 3003 cum
1235 2936 1408 3004 scriberet:

396 3055 524 3127 Οὐδένα
547 3054 722 3149 θησαυρὸν
745 3058 952 3149 καταθήσεαι
975 3065 1091 3128 παισὶν
1116 3053 1242 3146 ἀμείνω

440 3168 563 3248 αἰδοῦς,
587 3161 628 3256 ήν
651 3162 681 3233 τ’
696 3163 837 3253 ἀγαθοῖς
860 3162 1011 3254 ἀνδράσι,
1035 3166 1156 3255 Κύρνε,
1181 3169 1289 3246 δίδως.

259 3275 321 3342 Sed
352 3283 483 3360 propter
514 3277 600 3360 leges
631 3278 790 3352 metricas,
822 3299 899 3360 quas
927 3276 1083 3361 Theognis
1111 3278 1142 3340 in
1174 3277 1255 3360 pede
1287 3283 1406 3359 quarto
1510 3275 1511 3348 ᾗ

350 3439 368 3500 ²)
387 3437 464 3504 Quod
492 3437 565 3504 apud
593 3436 739 3491 stobaeum
767 3435 869 3506 legitur
897 3429 985 3500 ἔνδον,
1014 3435 1041 3489 iu
1070 3434 1237 3503 Theognidis
1260 3433 1404 3490 codicibus
1510 3415 1511 3496 i

259 3525 364 3590 παισίν,
385 3526 436 3579 hoc
455 3541 490 3580 ex
507 3525 673 3594 glossemate
692 3525 728 3580 ad
744 3541 836 3580 vocem
857 3518 938 3579 ἔνδον
952 3524 980 3580 id
996 3531 1037 3579 est
1057 3524 1146 3590 ‚domi’
1167 3524 1209 3578 vel
1229 3523 1310 3588 ,domi
1327 3526 1405 3580 tuae’
1510 3519 1511 3570 ἶ

259 3614 398 3683 adscripto
422 3615 531 3669 ridetur
558 3621 646 3668 ertum
676 3629 744 3669 esse.
791 3615 866 3682 Quae
890 3631 941 3667 vox
965 3607 1046 3667 ἔνδον
1069 3613 1142 3682 apud
1166 3613 1313 3667 Homerum
1338 3629 1403 3668 eam
1510 3599 1511 3654 i

259 3702 377 3757 maxime
406 3702 632 3772 significationem
661 3703 757 3767 habet,
785 3711 816 3757 ut
843 3703 915 3758 idem
940 3701 1031 3758 valeat
1054 3710 1137 3770 atque
1160 3701 1276 3756 latinum
1299 3699 1403 3768 ‚intus’‚
1510 3701 1511 3704 ’

259 3791 308 3845 cfr.
328 3791 378 3846 Od.
400 3795 446 3857 16,
465 3793 525 3846 202.
546 3794 610 3859 3013
630 3791 709 3847 Iliad.
729 3795 770 3858 10,
790 3793 843 3848 378
858 3797 908 3846 etc.
946 3790 1108 3859 significare
1126 3797 1219 3845 eutem
1238 3789 1403 3845 vocabulum

260 3873 340 3934 ἔνδον
363 3879 436 3936 idem
460 3881 532 3950 quod
556 3881 670 3936 latinum
694 3880 793 3947 ,domi'‚
817 3897 886 3935 unus
911 3881 1019 3948 quidem
1044 3880 1157 3935 Homeri
1179 3880 1255 3934 loeus
1278 3877 1403 3935 dilucide

259 3969 435 4025 demonstrat.
473 3969 588 4039 Legitur
606 3969 679 4025 enim
698 3970 726 4024 in
746 3969 796 4025 Od.
815 3972 857 4036 22,
879 3970 930 4024 140
949 3986 1000 4038 sq.:
1115 3979 1117 3988 ¹

470 4054 529 4113 ἀλλ’
549 4052 632 4130 ἄγεθ’
652 4053 717 4127 ὑμῖν
736 4054 826 4128 τεύχε’
847 4055 949 4113 ἐνείκω
969 4061 1156 4129 θωρηχθῆναι

471 4145 505 4204 ἐκ
524 4143 669 4216 θαλάμου·
692 4141 791 4203 ἔνδον
809 4143 873 4219 γάρ,
893 4143 997 4215 ὀΐομαι,
1018 4143 1083 4202 οὐδὲ
1103 4165 1141 4216 κῃ
1160 4141 1229 4216 ἄλλῃ

470 4232 571 4307 τεύχεα
590 4235 759 4306 κατθέσθην
777 4233 903 4301 Ὀδυσεὺς
921 4240 979 4291 κτλ.

259 4327 317 4381 Ηοσ
336 4327 396 4382 ioco
416 4319 496 4381 ἔνδον
515 4334 611 4397 aperte
630 4327 781 4397 significat:
802 4323 891 4400 ἐντῷ
910 4321 1039 4400 θαλάμῳ.

347 4417 368 4484 ⁹)
387 4416 479 4472 rtur.
499 4435 525 4486 p.
544 4417 605 4473 ees.
