2982 4884
269 316 331 378 uua
705 351 749 362 -
796 315 879 397 μιν
927 351 971 361 -

268 502 390 568 sionem
421 501 622 587 aDionysic
652 502 749 568 statui
779 509 886 582 ratus,
920 521 991 568 cum
1022 502 1054 567 iu
1085 502 1225 568 secundo
1257 501 1396 586 exemplu

267 605 367 671 verba
388 604 519 670 minime
547 605 634 671 idem
658 605 840 689 significare
862 607 1000 690 videret,
1034 606 1161 690 proprio
1183 606 1285 672 Marte
1308 605 1397 692 φιλο-

267 712 444 790 τιμεῖσθαι
473 715 505 774 et
535 705 754 792 ἐγκωμιάζειν
782 710 828 775 ita
857 710 964 794 aliquo
993 709 1085 774 modo
1106 708 1224 790 iunxit,
1256 715 1292 774 ut
1319 708 1398 791 gice-

268 832 358 878 eema
380 810 514 877 adderet
541 832 606 878 non
628 809 665 876 τὸ
690 809 753 897 γὰρ
776 807 859 878 αὐτὸ
884 815 1145 900 φιλοτιμεῖσθαί
1166 837 1201 878 τε
1224 813 1281 877 καὶ
1306 811 1399 896 ἔγνω

267 912 411 998 μιάζειν,
444 915 501 980 sed
531 911 568 979 τὸ
600 912 663 1000 γάρ
692 910 775 982 αὐτὸ
799 917 1060 1003 φιλοτιμεῖσθαί
1089 940 1123 982 τε
1153 917 1209 980 καὶ
1238 914 1397 982 ἐπαινεῖν.

268 1020 412 1103 Expulsc
434 1018 494 1084 hcc
516 1019 798 1104 interpretamento
815 1020 911 1086 ctiam
928 1021 1027 1086 verba
1051 1018 1191 1102 δυνάμει
1213 1017 1277 1106 γὰρ
1303 1013 1399 1105 άμφυ

268 1117 375 1188 ταύτά
407 1123 518 1188 labant
550 1129 582 1188 et
610 1123 644 1188 in
677 1123 890 1218 suspicionem
925 1131 1089 1189 vocantur.
1143 1125 1227 1189 Nam
1260 1130 1400 1208 praecer-

268 1246 363 1308 quam
393 1225 480 1308 qucd
508 1225 636 1290 tertium
656 1227 857 1291 enuntiatum
883 1221 974 1313 ἤρκει
1003 1225 1066 1312 γὰρ
1089 1227 1160 1290 κτλ.
1186 1233 1339 1312 suspecta
1366 1247 1399 1291 ea

268 1329 384 1410 reddit,
406 1329 503 1394 ctiam
519 1330 678 1394 sententia
690 1329 892 1409 damnantur,
912 1349 1006 1413 quam
1019 1350 1089 1394 cum
1103 1330 1279 1415 Dionysius
1292 1330 1402 1396 dixerit

269 1432 320 1508 δίς
343 1426 363 1519 ἢ
385 1431 457 1518 τρὶς
484 1429 531 1495 τά
554 1425 660 1498 αὐτὰ
682 1433 789 1517 λέγων
815 1433 857 1518 (p.
879 1435 999 1512 100810)
1027 1440 1060 1499 et
1083 1431 1181 1520 ἐνῆν
1205 1483 1211 1495 .
1234 1483 1268 1498 ..
1299 1431 1336 1498 ἐν
1363 1439 1403 1512 τῷ

269 1533 391 1620 πρώτῳ
414 1533 509 1618 κώλῳ
532 1541 579 1620 τῷ
604 1586 610 1598 .
632 1585 666 1600 ..
694 1531 731 1599 τὸ
759 1583 822 1600 ...
850 1555 981 1620 prorsus
1003 1536 1144 1620 ineptam
1167 1555 1240 1602 esse
1267 1557 1334 1602 non
1360 1549 1403 1602 est

267 1637 353 1721 quod
376 1637 522 1722 pluribus
543 1657 729 1722 persequar.
777 1639 846 1703 Iam
869 1658 941 1704 cum
963 1645 1011 1704 tot
1033 1638 1207 1704 damnandi
1231 1659 1351 1705 causae
1375 1640 1403 1702 in

269 1760 332 1805 unc
362 1740 526 1806 enuntiato
557 1748 760 1822 concurrant,
795 1739 932 1807 hominis
962 1741 1051 1807 scioli
1082 1741 1258 1807 doctrinam
1290 1741 1405 1808 eDic

268 1843 351 1927 nysii
382 1843 488 1908 verbis
521 1863 686 1909 removere
717 1863 782 1908 uon
811 1843 930 1909 dubito.
979 1845 1085 1910 Unum
1115 1844 1265 1911 mendum
1295 1852 1402 1910 restat.

269 1947 375 2012 Verba
404 1944 482 2033 ἐξῆν
510 1970 545 2012 τε
575 1942 638 2032 γάρ
671 1950 755 2029 μίαν
789 1943 824 2012 ἐκ
854 1954 921 2013 τῶν
948 1947 1041 2014 δυεῖν
1074 1955 1216 2034 ποιῆσαι
1245 1948 1404 2034 περίοδον

268 2056 398 2134 propter
430 2049 622 2134 particulam
656 2073 691 2114 τε
720 2049 830 2133 utique
863 2051 1040 2116 membrum
1073 2051 1272 2136 respondeus
1302 2051 1404 2133 requi-

269 2159 352 2218 runt.
398 2151 491 2229 Quod
520 2172 590 2217 cum
617 2172 682 2217 non
704 2153 806 2234 adsim
838 2153 995 2218 vocabula
1017 2177 1051 2218 τε
1074 2151 1138 2239 γάρ
1165 2161 1318 2239 corrupta
1338 2173 1405 2219 csse

269 2273 395 2334 censeo,
421 2275 492 2320 cum
515 2255 703 2338 praesertim
726 2255 775 2320 vis
798 2257 974 2340 particulae
996 2253 1060 2340 γάρ
1083 2255 1247 2322 uallauit.
1298 2255 1403 2322 Scribo

269 2355 346 2444 ἐξῆν
383 2357 428 2422 δέ
465 2381 508 2442 γε
542 2361 625 2440 μίαν
658 2355 693 2422 ἐκ
731 2365 797 2423 τῶν
834 2358 927 2424 δυεῖν
963 2365 1104 2446 ποιῆσαι
1142 2358 1323 2446 περίοδον,
1364 2359 1400 2424 cl.

269 2482 300 2546 p.
323 2464 434 2526 101οω
462 2461 513 2542 (cs.
546 2481 622 2546 pag.
641 2463 682 2524 97
712 2461 807 2526 adh.
835 2463 871 2545 l.)
900 2460 976 2549 ἐξῆν
1003 2461 1040 2527 δέ
1066 2485 1103 2547 γε
1134 2456 1237 2549 αὐτῆς
1267 2467 1402 2548 συστρέ-

273 2567 366 2648 φαιῖ)
387 2562 423 2629 τὸ
441 2561 581 2640 πλάτος.
629 2566 744 2630 'Potum
766 2565 864 2648 igitur
884 2564 968 2631 huuc
988 2566 1090 2631 locum
1113 2564 1191 2631 iude
1213 2569 1402 2650 ap.1008u

268 2668 314 2733 ita
343 2668 514 2735 constituo:
553 2661 693 2744 Εὐθέως
723 2674 804 2752 γοῦν
834 2664 894 2755 τὴν
923 2667 1061 2756 πρώτην
1093 2666 1249 2734 διάνοιαν
1281 2664 1403 2754 ὀλίγοις

270 2769 374 2860 (τοῖς)
403 2765 568 2852 ὀνόμασιν
597 2769 815 2858 ἐξενεχθῆναι
845 2771 1034 2859 δυναμένην
1063 2769 1198 2856 μακρὰν
1225 2785 1321 2838 ποιεῖ
1350 2797 1403 2838 κυ-

269 2875 471 2960 κλογραφῶν
492 2874 550 2938 καὶ
572 2873 624 2950 δὶς
647 2868 666 2961 ἢ
690 2875 761 2959 τρίς
776 2872 818 2937 τὰ
842 2867 928 2940 αὐτὰ
951 2876 1068 2959 λέγων.
1102 2872 1180 2962 ἐνῆν
1201 2875 1265 2957 μὲν
1288 2864 1350 2941 οὖν
1371 2873 1403 2939 εἰ·

270 2983 316 3063 τῷ
344 2974 467 3061 πρώτῳ
497 2974 592 3061 κάλφ
620 2983 667 3061 τῷ
698 2981 780 3055 „Tru
810 2973 873 3061 γὰρ
904 2971 947 3042 άν
975 2972 1124 3043 άλλοθεν
1152 2975 1338 3042 {mercast
1368 2973 1401 3039 τί

272 3080 365 3158 „lici
399 3077 443 3166 μῆ
478 3078 796 3165 συνδιεφθαρμένος
828 3074 924 3168 ἡμῖν,
967 3073 1040 3144 ἀλλ’
1067 3078 1230 3166 ἐξαίφνης
1264 3075 1402 3154 ἐπιστὰς

271 3194 341 3259 τοῖς
370 3186 598 3266 γινομένοις“,
632 3183 689 3246 καὶ
720 3181 756 3248 ἐν
785 3189 831 3266 τῷ
863 3185 926 3260 „Oi
958 3181 1234 3269 φιλοτιμούμεθα
1262 3184 1328 3264 μὲν
1349 3181 1400 3247 ἐπί

270 3298 341 3362 τοῖς
372 3292 438 3350 τῶν
467 3283 647 3372 προγόνων
676 3284 811 3370 ἐ’ργοις“
843 3285 881 3352 τὸ
917 3288 1013 3364 ,,Καὶ
1046 3283 1106 3373 τῆν
1139 3283 1243 3351 πόλιν
1277 3285 1312 3352 ἐκ
1343 3292 1403 3349 τῶν

271 3385 347 3453 τότε
371 3393 599 3472 πραχθέντων
622 3386 842 3473 ἐγκωμιάζειν
858 3384 1048 3472 άξιοῦμεν“,
1075 3390 1132 3453 καὶ
1154 3385 1191 3454 ἐν
1206 3395 1252 3474 τῷ
1277 3382 1402 3468 „oica

270 3599 381 3661 τίον“.
409 3591 499 3680 ῆρκει
522 3591 585 3679 γάρ
609 3589 719 3661 αὐτῶν
741 3594 901 3682 εἰρῆσθαι
915 3593 1078 3679 θάτερον·
1106 3593 1183 3681 ἐξῆν
1205 3594 1244 3660 δέ
1266 3617 1302 3678 γε
1323 3599 1401 3676 μίαν

270 3697 305 3764 ἐκ
329 3705 394 3764 τῶν
416 3698 508 3763 δυεῖν
530 3705 673 3786 ποιῆσαι
695 3699 856 3783 περίοδον
885 3700 942 3763 καὶ
972 3701 1231 3784 συντομωτέραν
1258 3699 1312 3763 καί
1344 3721 1401 3778 χυ-

270 3806 460 3888 ριεοτέραν·
494 3806 576 3880 ,,Τίς
601 3853 608 3866 .
631 3853 637 3866 .
660 3854 666 3866 .
692 3798 924 3886 πράττομεν“;

356 3928 389 3990 p.
412 3909 536 3969 uocaus
567 3903 696 3990 Μακρά
724 3906 787 3989 μὲν
816 3894 877 3971 οὖν
899 3900 917 3992 ri
941 3905 1030 3984 λέξις
1060 3898 1166 3981 οὕτως
1197 3903 1288 3970 ἐστὶν
1312 3897 1401 3984 αὐτῆ

278 4029 327 4073 ac.
357 4013 480 4072 12—15
505 4009 566 4074 litt.
593 4021 665 4073 τεῖα
690 4009 725 4074 δὲ
752 4011 810 4074 καὶ
837 4003 1084 4096 ἀσυγκρότητος
1114 4014 1187 4084 πῶς
1209 4009 1252 4073 Μ.
1299 4007 1400 4072 Laeu-

340 4231 356 4294 1)
380 4231 534 4300 συσιρέψαι
553 4231 647 4300 syla:
669 4228 836 4304 ἐπιπρέψαι
856 4231 923 4286 MR.
