3006 4892
535 334 746 394 ...75-

71 519 217 584 Attamen
231 518 362 584 minime
384 526 469 584 esset
484 517 617 603 dignum
639 517 767 584 homine
785 516 985 604 philosopho,
1012 517 1147 603 primum
1164 537 1204 583 ex

70 621 229 688 soliditate
259 621 501 706 primordiorum
531 623 773 702 aeternitatem,
805 620 922 688 deinde
953 641 994 688 ex
1016 621 1205 688 aeternitate

71 725 261 792 soliditatem
284 725 421 792 efficere.
447 764 488 776 -

374 830 400 909 Ι,
429 834 522 895 1079.
549 833 589 895 80
619 831 733 915 (=11‚
761 835 834 897 236.
863 832 906 912 7).

219 933 318 996 omnia
339 933 420 996 eninr
443 933 529 997 locus
550 957 587 997 ac
609 933 757 1016 epatium,
783 935 867 1018 quod
886 933 978 997 inune
1000 954 1153 1014 vocamus,

114 1039 196 1100 1075
217 1057 278 1118 per
298 1036 442 1118 medium,
463 1059 526 1119 per
549 1058 611 1100 nou
633 1036 778 1115 medium,
804 1037 1082 1101 concedere'debct

219 1161 315 1224 aeque
333 1139 533 1222 ponderibeu,
559 1147 659 1204 motare
682 1161 872 1224 qemcumque
884 1141 1052 1224 feruntur.

218 1265 274 1306 nec
297 1243 459 1326 quisqam
482 1244 645 1320 luctuosi,
672 1264 731 1326 quo
752 1265 887 1326 corpore
908 1263 978 1306 wne
1001 1252 1160 1318 uenerunt,

215 1345 367 1430 ponderis
389 1345 504 1410 arndeo
527 1346 560 1409 oi
576 1345 701 1427 possint
722 1354 808 1410 sture
829 1345 862 1408 in
884 1344 992 1409 innui:

219 1471 289 1512 nec
317 1449 420 1532 quod
447 1449 561 1513 inane
580 1457 719 1536 ,antem
749 1456 807 1513 eet
835 1448 917 1512 ulli
943 1447 1164 1512 subsistere

275 1553 434 1635 debent,

117 1657 198 1720 1080
222 1655 335 1738 quin,
374 1676 445 1718 cue
475 1657 578 1738 quod
610 1663 757 1720 notura
786 1655 917 1738 petit,
953 1654 1166 1718 concedere

269 1767 427 1842 perpet.

220 1860 307 1924 haud
327 1861 425 1944 ipitur
441 1868 577 1943 poscunt
599 1861 660 1926 toli
679 1860 801 1924 ratione
827 1861 926 1924 teneri

220 1985 271 2026 res
292 1963 326 2026 in
349 1963 512 2027 concilium
533 1963 630 2027 medii
650 1962 822 2046 cuppedine
843 1972 957 2028 vectae.

159 2065 280 2132 Versus
307 2068 399 2131 1079.
425 2069 466 2131 80
489 2067 590 2150 spurii
612 2073 699 2132 suut.
745 2065 829 2132 Nem
859 2065 1140 2134 demonstrandum
1163 2075 1213 2132 est

75 2170 190 2234 nullum
217 2169 325 2235 inanis
355 2177 479 2254 partem
505 2207 542 2218 -
566 2189 624 2254 per
655 2168 794 2236 medium'
824 2189 882 2254 per
910 2188 974 2235 non
1002 2168 1142 2235 medium
1172 2206 1210 2217 -

76 2271 161 2354 mvi
189 2279 294 2338 terroe
324 2272 400 2338 moli
429 2272 580 2338 resistere
609 2291 724 2357 posse:
758 2291 820 2338 non
844 2279 894 2340 cst
915 2272 1208 2353 demonstrandum,

76 2376 198 2442 omnino
227 2375 308 2442 nulli
338 2377 460 2461 corpori
489 2377 585 2442 inane
620 2376 781 2442 resistere.
846 2377 916 2441 Iam
945 2376 974 2442 si
1002 2376 1035 2442 in
1065 2376 1212 2443 versibus

80 2481 233 2544 luit—8
263 2487 349 2546 recte
378 2480 411 2546 id
439 2479 578 2562 notavit,
609 2479 643 2545 in
671 2498 734 2563 quo
762 2497 887 2544 summa
914 2479 984 2544 eius
1013 2479 1210 2562 quaestionis

78 2581 123 2644 ris
142 2587 298 2662 versatur,
325 2601 399 2646 num
423 2581 607 2667 putabimus
631 2580 710 2648 dnos
733 2599 843 2647 versus
872 2589 1000 2666 poetam
1029 2580 1205 2661 addidisse,

79 2685 127 2765 qui
142 2686 183 2750 ab
196 2684 258 2750 hec
273 2685 396 2750 ratione
412 2705 543 2770 prorsus
557 2683 785 2750 abhorrerent?
819 2683 944 2750 Deinde
959 2685 1057 2751 verbs
1076 2689 1170 2751 1081.
1190 2687 1209 2747 2

221 2787 309 2852 naeu
328 2788 427 2872 ipitur
443 2796 578 2872 possunt
601 2787 682 2852 tuli
700 2787 863 2852 ratione
887 2787 987 2852 teneri
1007 2809 1056 2852 ree

80 2889 121 2954 ita
142 2897 263 2956 tontum
287 2890 438 2958 idoneum
460 2910 590 2958 sensum
613 2891 777 2975 praebent,
803 2879 831 2957 si
855 2890 1018 2975 excipiunt
1040 2891 1139 2956 verba

515 3017 575 3079 quo
598 3015 731 3076 corpore
752 3015 822 3056 cum
844 3002 1004 3068 uenerunt,

217 3097 418 3179 ponderis
440 3096 591 3160 amisse
613 3096 653 3160 ci
666 3096 792 3179 posunt
813 3104 898 3160 stare
920 3096 953 3160 in
976 3096 1073 3160 inani.
1093 3133 1136 3144 —-

386 3198 412 3279 1,
438 3201 512 3263 919.
540 3201 580 3263 20
608 3201 660 3282 (=
683 3199 725 3282 11,
752 3201 824 3264 976.
852 3200 897 3282 7).

140 3303 201 3364 915
217 3301 358 3396 ¹denique
378 3301 443 3364 iem
466 3323 674 3386 preoccumque
695 3301 728 3364 in
749 3302 842 3366 rebus
864 3300 965 3366 cernis
987 3301 1107 3384 epuiis

223 3403 344 3486 eifieri
363 3426 427 3468 non
442 3425 537 3487 posse
552 3412 664 3486 putee,
690 3403 766 3488 quin
787 3401 935 3468 moreni

225 3527 357 3590 corpora
379 3506 536 3570 consimili
555 3515 672 3571 nature
688 3506 839 3589 praedite
847 3505 969 3591 stupae,

225 3607 285 3672 hec
305 3607 428 3673 ratione
450 3609 507 3672 tibi
522 3615 658 3692 pereunt
673 3608 853 3691 primordie
875 3629 999 3674 rerum.-

144 3713 203 3774 919
212 3710 280 3794 fiet
301 3711 352 3776 uti
371 3712 438 3776 rr'eu
461 3711 592 3776 tremulo
615 3731 763 3775 concusso
784 3709 969 3776 cachinnent

230 3822 261 3878 et
283 3814 423 3878 hmine
444 3814 537 3880 solere
558 3821 713 3878 umectent
734 3835 791 3879 ore
811 3835 978 3898 penusque.

89 3911 181 3988 Quam
193 3914 334 3983 absurde
346 3936 458 3982 versus
469 3919 543 3981 919.
559 3919 599 3981 20
614 3935 667 3993 ea,
684 3935 766 3999 quae
782 3915 815 3980 in
828 3915 990 3982 codicibus
1005 3916 1211 4000 praecedunt,

153 4159 166 4218 ¹>
194 4159 221 4210 in
240 4155 365 4212 seeundo
384 4155 455 4211 libro
481 4155 509 4210 hi
527 4170 625 4210 versus
650 4155 691 4209 sie
715 4155 863 4225 incipiunt:
897 4160 1010 4225 tempore
1034 4155 1113 4208 inane
1132 4160 1219 4225 potest

94 4257 193 4294 coruunt
212 4242 353 4298 subsistere
371 4241 420 4296 rei.
