3006 4892
234 355 275 414 re
667 386 711 397 -
758 351 842 433 [111]
889 387 933 398 .-

233 539 351 604 kianae
373 538 633 604 adnotationibus
655 546 891 622 cognoscuntur
905 577 946 588 -
969 539 1080 604 nititur
1098 539 1182 604 eninr
1200 539 1258 602 hcc
1280 535 1373 600 iudi·
1498 603 1499 646 Ι

233 644 316 708 cium
332 642 399 706 soie
415 642 602 707 Florentino
622 642 672 724 (cf.
685 663 760 726 pag.
774 643 803 726 ῑ]
823 681 865 690 -
887 644 1059 708 nonnullae
1075 649 1183 707 tamen
1198 641 1371 706 accedunt.
1498 689 1499 724 Ι

233 745 340 823 Quare
363 753 397 810 ut
419 746 599 811 accuratius
630 745 732 811 codex
761 747 1002 831 exprimeretur,
1027 766 1138 810 omnes
1168 745 1214 809 ita
1242 743 1374 809 adscri-

233 849 355 914 bendas
379 848 503 933 putavi,
529 849 644 930 uteie,
670 869 752 931 quae
774 849 914 914 nondum
937 850 1153 924 innotuerunt,
1178 848 1373 914 asteriscum

232 953 452 1036 praefigerem.

317 1075 376 1139 *P.
396 1077 486 1140 63315
510 1071 706 1160 δεδήλωκεν.
732 1069 895 1160 ὀνόματα]
922 1073 1099 1162 δεδήλωκε.
1132 1068 1293 1156 ὀνόματα,
1324 1073 1370 1138 ci'.

231 1199 307 1263 pag.
333 1181 402 1263 31]]
425 1181 515 1244 63311
538 1177 623 1262 μετὰ
646 1177 724 1256 τοὺς
747 1175 872 1264 ἄνδρας
895 1181 998 1264 Sylb.]
1025 1175 1109 1261 μετά
1132 1185 1192 1244 τοῦ
1215 1172 1343 1262 ἀνδρὸς
1367 1176 1378 1263 Ι

231 1307 276 1346 *rr
293 1280 423 1365 λόγους]
450 1279 563 1366 λόγοις
579 1283 592 1368 ]Ι
607 1286 682 1348 6341
701 1277 769 1348 ὑπὸ
787 1283 892 1369 Sylb.]
919 1277 989 1347 ἄιτα
1005 1284 1051 1368 ΙΙο
1068 1281 1376 1369 πεντεκαιδεκαετῆ
1499 1293 1500 1302 ’

231 1385 301 1449 cod.
313 1383 418 1468 Boii]
445 1384 685 1450 πεντεκαίδεκα
698 1391 715 1467 1Ι
737 1384 793 1472 έτη
809 1386 822 1469 ΙΙ
838 1409 883 1450 *rc
900 1383 1188 1472 συγχωρήσαντος]
1215 1385 1375 1471 συχωρη-

232 1508 354 1562 σαντος
370 1487 382 1570 ΙΙ
398 1512 444 1551 *rc
459 1484 608 1573 γηραιὸς]
629 1495 775 1574 γηραιῶς
792 1490 804 1573 ΙΙ
818 1493 913 1554 116351
932 1485 1132 1572 Φιλοχόρου]
1152 1484 1353 1573 φιλοχωρου

234 1613 258 1654 ιο
280 1583 562 1673 ὕστερονλλείεἰε]
594 1587 773 1675 πρότερον.
821 1593 940 1658 Dcieas
956 1593 1063 1676 petius
1085 1613 1155 1656 cum
1172 1592 1352 1675 Syiburgio

231 1697 325 1758 *6367
351 1690 548 1779 Φιλόχορος]
576 1691 780 1780 φιλύχωρος,
807 1720 833 1759 οι
856 1716 937 1760 corr.
956 1715 997 1760 ex
1016 1718 1033 1758 υ
1049 1695 1087 1758 F¹
1105 1696 1118 1777 ΙΙ
1140 1719 1153 1759 ο
1177 1701 1286 1780 φυγῆς
1301 1703 1379 1760 τῶν

232 1793 494 1862 καταλυσάντων
517 1797 621 1881 Sylb.]
650 1793 752 1884 αὐτῆς
775 1805 841 1863 τῶν
863 1796 1078 1863 καλεσάντων
1098 1799 1110 1883 Ι]
1132 1801 1226 1863 *6380
1250 1791 1373 1884 αὑτὸν]
1500 1799 1501 1818 ’

234 1897 338 1966 αυτὸν
358 1901 371 1983 ΙΙ
397 1924 439 1964 *rr
469 1897 556 1984 πρὸς
586 1903 642 1984 τῷ]
674 1898 762 1985 πρὸς
790 1897 826 1964 τὸ
852 1903 864 1985 ΙΙ
891 1905 965 1966 6391
999 1905 1208 1987 φερομένους
1239 1901 1373 1984 licien]

234 2003 313 2078 τοὺς
336 2007 545 2088 φερομένους
561 2003 573 2086 ΙΙ
603 2025 616 2067 1
639 1990 745 2084 οὖσιν,
772 1997 816 2079 ὡς
840 2003 963 2086 Beier]
992 2007 1127 2090 ουσίνης
1149 2003 1190 2084 F,
1218 2007 1378 2091 γνησίοις

232 2107 321 2189 Sylb.
341 2106 353 2189 ΙΙ
377 2131 389 2168 ο
414 2100 478 2169 cirr'
503 2103 762 2190 Ἀναξικράτους
789 2107 894 2191 Sylb.]
930 2103 1220 2190 έπαναξικράτους
1236 2109 1249 2191 ΙΙ
1271 2111 1376 2172 16401

232 2203 481 2293 άκριβεσιέρου]
508 2204 747 2296 ἀκριβέστερον
761 2211 775 2293 ΙΙ
791 2234 836 2275 *ιο
855 2204 909 2290 ὡς]
932 2205 1014 2274 ὥστε
1032 2210 1044 2294 Ι]
1068 2236 1109 2274 *rr
1129 2204 1172 2275 δι’
1191 2204 1274 2274 ὅλου
1295 2213 1373 2283 τοῦ]

232 2307 274 2376 δι’
293 2307 376 2377 ὅλου
399 2311 435 2375 τὸ
452 2313 465 2397 ΙΙ
481 2338 525 2377 *re
549 2311 678 2396 λόγους]
706 2309 801 2396 λόγοι
817 2313 830 2396 ΙΙ
846 2317 922 2377 6411
942 2312 1182 2395 διαβεβαιοῖτο]
1199 2311 1378 2393 διεβεβαι-

232 2421 310 2479 οῦτο
334 2417 346 2500 ΙΙ
370 2414 474 2498 οέστι]
509 2415 573 2479 εἰσὶ
598 2417 610 2500 ]Ι
633 2440 663 2479 *r
688 2409 778 2500 αὑτῷ
813 2410 1084 2500 ὁμολογούμενός
1122 2413 1229 2497 ἐστιν]
1264 2409 1378 2480 αὐτιῖιι.

231 2510 481 2601 ὁμολογιιιίμενό
499 2517 590 2583 ἐστιν
606 2518 617 2602 Ι]
641 2516 689 2594 εἴς
705 2543 739 2583 τε
763 2519 868 2603 Sylb.]
895 2517 944 2594 εἰς
960 2518 994 2582 δέ
1013 2519 1025 2604 ]Ι
1047 2543 1091 2583 *rr
1109 2518 1192 2582 ποτὲ
1209 2518 1256 2600 δέ]
1284 2541 1376 2582 ποτε

232 2620 269 2684 δέ
292 2622 304 2705 ΙΙ
329 2645 352 2685 11
382 2629 562 2686 πιστοῦται
592 2615 625 2685 δ’
658 2621 762 2706 Sylb.]
805 2628 986 2687 πιστοῦται
1012 2623 1025 2706 ΙΙ
1054 2625 1155 2686 116321
1184 2627 1371 2707 πρέποντι]

232 2729 390 2808 τρέιτοντι
408 2725 420 2809 ΙΙ
443 2749 454 2788 ι
478 2725 534 2789 καὶ
558 2731 595 2809 τῇ
616 2729 776 2789 συνθέσει
799 2724 924 2808 licien]
957 2727 1014 2789 καὶ
1037 2729 1199 2790 συνθέσει
1220 2725 1232 2810 ΙΙ
1254 2748 1265 2788 1
1290 2719 1374 2788 ciir'

231 2827 321 2893 ἰδίου
343 2825 433 2904 τινὰς
456 2827 561 2912 Sylb.]
596 2821 672 2892 οὔτε
696 2825 735 2914 δή
760 2851 850 2904 τινος
866 2828 879 2913 ]Ι
902 2852 914 2890 s
939 2826 1028 2893 πολὺ
1044 2825 1108 2914 γάρ
1132 2826 1290 2914 ἐμφαίνει
1311 2853 1378 2910 μι-

230 2928 348 3015 μήσεις
371 2955 405 2996 τε
435 2931 491 2994 καὶ
514 2925 595 2995 αιἰτὸ
620 2925 733 3014 ὥσπερ
762 2937 827 2996 τῶν
850 2927 961 3016 λόγων
984 2925 1175 3017 ἀρχέτυπον
1197 2930 1377 3017 διαφορὰν

232 3034 275 3098 F:
302 3027 414 3114 αὐτὸς,
442 3031 619 3119 διαφόρων
634 3033 671 3097 R.
705 3035 811 3099 Verba
833 3054 915 3099 sana
937 3055 1000 3099 nen
1019 3041 1103 3100 suut.
1137 3033 1271 3100 Videtur
1293 3043 1376 3118 post

232 3138 287 3200 καὶ
311 3138 429 3202 lacuna
451 3137 621 3203 statuenda
637 3157 727 3215 esse;
753 3143 839 3202 certo
862 3139 1096 3202 substantivum
1116 3138 1187 3202 voci
1210 3134 1375 3223 μιμήσεις

232 3239 430 3322 respondens
452 3239 614 3304 intercidit
637 3239 649 3323 Ι]
675 3264 700 3305 ιο
722 3244 888 3326 μαθητῶν
909 3241 1012 3324 Sylb.]
1043 3237 1259 3327 μαθημάτων
1280 3241 1292 3322 Ι]
1316 3267 1374 3304 *rc

233 3341 375 3424 ἔχοντες]
410 3341 550 3423 ἔχοντας
571 3342 584 3428 ΙΙ
607 3345 683 3407 6335
706 3339 743 3406 τὸ
768 3349 826 3428 τῆς
852 3337 1017 3428 ἀληθείας
1039 3343 1164 3426 uersu]
1199 3350 1256 3428 τῆς
1285 3337 1375 3430 άλη-

233 3446 370 3528 θείας]
400 3452 494 3532 στῆς
519 3445 582 3528 μὲν
615 3446 735 3524 λέξεως
765 3442 802 3509 τὸ
838 3444 977 3530 ἰσχυρὸν
1006 3445 1110 3530 Sylb.]
1149 3469 1186 3510 το
1219 3453 1277 3533 της
1305 3469 1375 3526 μεν

233 3548 353 3627 λέξειας
377 3546 515 3634 ἰσχυρὸν
530 3549 542 3634 ΙΙ
560 3572 583 3612 ιι
602 3542 665 3634 κᾷν
688 3543 794 3612 τάλλα
810 3548 934 3632 Reisk.]
962 3550 1017 3614 καὶ
1041 3547 1082 3612 τὰ
1105 3544 1191 3613 <itta
1207 3549 1219 3634 ΙΙ
1238 3575 1261 3614 re
1280 3543 1373 3614 ὑπο-

232 3647 459 3733 λαμβάνωμεν
470 3650 594 3733 Beira]
617 3644 907 3732 ὑπολαμβάνομεν
920 3650 930 3737 ΙΙ
944 3656 1037 3716 *6441
1052 3655 1258 3740 rueretrueret]
1278 3675 1374 3738 παρ-

233 3758 352 3819 έπεται
366 3756 379 3838 Ι]
402 3747 463 3819 eri'
483 3751 602 3837 ἐλλίπῃ
618 3753 742 3836 uersu]
770 3753 904 3840 δελίττηι
919 3753 932 3838 Ι]
953 3778 983 3818 ιιι
1007 3753 1207 3840 Δεινάρχου]
1234 3751 1375 3838 δεινάρ-

232 3880 305 3938 χοις
326 3858 338 3942 ΙΙ
363 3881 388 3921 ιο
411 3854 596 3940 πρόσεστιν
615 3856 738 3939 scien]
766 3853 950 3942 πρόσεστίν
971 3880 1005 3921 τι
1019 3857 1032 3942 ΙΙ
1054 3861 1147 3922 116451
1171 3861 1370 3942 μιμεῖσθαι]

233 3965 406 4047 μιμησθαι
421 3960 461 4044 ΙΙο
482 3957 513 4024 οἱ
536 3959 573 4024 δὲ
597 3958 722 4042 teian}
750 3957 979 4044 atteteritur
1006 3957 1132 4026 Ψάωνα
1156 3959 1374 4027 Ruhnkenius

234 4064 307 4128 hist.
338 4063 408 4128 crit.
433 4083 479 4128 cr.
505 4062 622 4129 Gracc.
654 4084 686 4146 p.
708 4065 767 4127 143
798 4061 849 4128 ed.
877 4063 1001 4147 Reisk.]
1028 4061 1171 4130 πλάιονα
1194 4065 1236 4144 F,
1272 4062 1376 4128 Πλά-

304 4269 321 4326 ¹i
342 4266 548 4330 πεντεκαίδεκα,
569 4286 599 4320 αι
617 4269 646 4321 iu
664 4282 718 4320 ras.
733 4267 776 4320 F'.
