3010 4896
319 241 358 304 14
748 279 787 287 -
835 241 931 322 [no]
978 277 1021 286 -

315 441 496 500 memorata
546 434 622 498 Ideo
654 435 763 510 etiam,
796 433 851 516 qui
878 433 991 497 ceterh
1021 433 1055 496 in
1081 433 1177 497 rebus
1204 431 1384 498 Scheibium
1412 455 1452 499 se
1496 477 1497 542 q

315 548 438 617 cuntur,
461 541 557 606 verba
579 540 736 625 περὶτῆς
760 534 890 625 εἰρήνης
913 539 1007 604 aliter
1031 538 1233 622 interpretati
1256 547 1337 604 sunt.
1496 543 1497 608 1

403 646 451 711 Ac
474 647 767 732 Westermanuus¹)
790 667 848 728 pro
872 645 977 710 verbis
1000 646 1079 728 περὶ
1100 651 1158 730 τῆς
1182 641 1321 732 εἰρήνης,
1345 649 1452 730 quippe
1496 633 1497 692 1

316 774 397 837 quae
433 756 608 835 repugnent
649 752 746 833 ipsius
783 751 972 826 sententiae,
1013 749 1213 816 scribendum
1250 775 1317 818 esse
1353 759 1453 818 censet

314 861 392 944 περὶ
414 866 473 945 τῆς
490 858 661 934 πολιτείας
684 857 1002 940 depravationemque
1025 857 1187 922 socordiae
1210 859 1333 923 librarii
1356 860 1453 924 cuius·
1496 897 1497 948 y

315 966 388 1029 dam
420 965 637 1049 imputandam
669 970 784 1028 censet.
837 962 951 1039 „Nam
983 963 1084 1044 pacis,
1119 963 1236 1048 inquit,
1272 965 1454 1030 vocabulum

314 1071 389 1136 inde
412 1092 431 1136 a
454 1075 473 1152 ξ
496 1070 516 1133 5
540 1070 714 1134 identidem
738 1071 940 1134 decantatum
963 1068 1056 1134 facile
1079 1070 1164 1134 credi
1193 1077 1298 1153 potest
1321 1072 1381 1136 tali
1404 1071 1453 1136 hc

314 1177 392 1242 mini
423 1183 489 1240 tam
516 1174 649 1240 firmiter
681 1176 715 1239 in
741 1175 871 1240 auribus
903 1195 940 1240 ac
966 1175 1118 1241 memoria
1149 1175 1300 1254 haesisse,
1331 1182 1369 1242 ut
1400 1177 1455 1241 hoc
1496 1225 1497 1266 y

315 1303 439 1368 quoque
461 1283 539 1358 Ioco,
560 1281 616 1346 ubi
640 1280 728 1346 aliud
750 1283 867 1365 agitur,
889 1281 1005 1346 inritus
1025 1281 1115 1364 quasi
1138 1288 1170 1346 et
1192 1283 1309 1348 inscius
1326 1305 1454 1368 repone
1496 1301 1497 1376 y

313 1395 389 1454 ret“
439 1388 509 1453 Non
537 1388 669 1452 multum
701 1407 721 1451 a
749 1387 987 1452 Westermanno
1015 1387 1150 1452 discedit
1176 1389 1455 1475 Frohbcrgcrus²),

314 1495 368 1579 qui
400 1517 469 1559 cum
497 1495 558 1560 sibi
588 1515 652 1558 non
683 1493 873 1576 persuadeat
905 1492 1001 1557 verba
1032 1495 1110 1578 περὶ
1141 1502 1199 1581 τῆς
1226 1497 1399 1572 πολιτείας
1426 1497 1454 1558 in
1496 1525 1497 1564 r

313 1602 391 1685 περὶ
414 1609 472 1687 τῆς
495 1596 626 1686 εἰρήνης
649 1600 820 1682 depravata
843 1620 920 1676 esse,
943 1599 1021 1664 haec
1043 1599 1264 1683 interpolatori
1286 1601 1456 1666 tribuenda
1496 1635 1497 1702 p

314 1728 381 1772 esse
404 1711 524 1782 censet,
551 1707 604 1788 qui
632 1726 701 1768 cum
725 1710 820 1769 antea
841 1706 942 1769 multa
964 1706 1005 1770 de
1027 1726 1105 1788 pace
1128 1706 1269 1790 legisset,
1296 1713 1333 1772 ut
1356 1707 1454 1772 oratio
1496 1711 1497 1796 1

312 1812 454 1895 perfecta
481 1820 576 1896 atque
604 1810 750 1876 absoluta
776 1811 937 1887 evaderet,
964 1833 1002 1876 ea
1028 1813 1188 1878 adiecerit
1237 1811 1455 1897 Frohbergero

313 1939 442 2000 prorsus
466 1918 678 2000 adstipulatur
700 1918 863 1982 Rennerus
888 1916 931 2004 (p.
957 1917 1006 1984 16,
1033 1918 1097 2004 17).
1496 1907 1497 1910 “

401 2026 444 2088 At
467 2045 575 2089 corum
597 2023 767 2101 sententia,
795 2024 849 2108 qui
876 2023 923 2087 ita
950 2024 1023 2087 huic
1051 2025 1098 2088 rei
1122 2022 1327 2090 difficillimae
1354 2025 1455 2090 lucem

313 2129 426 2194 afferre
448 2130 570 2206 volunt,
593 2135 630 2193 ut
652 2135 709 2193 aut
731 2134 894 2193 mutentur
916 2135 972 2194 aut
994 2130 1160 2194 deleantur
1183 2130 1279 2195 verba
1301 2132 1457 2214 quaedam
1496 2149 1497 2194 fi

313 2237 474 2320 ceteroqui
497 2238 581 2300 omni
604 2235 781 2318 suspicione
804 2256 911 2312 vacua,
933 2235 1027 2318 plane
1049 2236 1210 2302 reicienda
1232 2243 1287 2302 est.
1496 2311 1497 2314 Ἴ

402 2340 463 2408 Sed
478 2342 660 2424 priusquam
673 2341 723 2405 his
738 2342 777 2405 dc
790 2340 895 2405 verbis
911 2341 1004 2425 plura
1016 2342 1191 2425 loquamur,
1204 2345 1342 2409 virorum
1356 2365 1457 2427 popu·
1496 2339 1497 2344 ’

312 2447 428 2511 larium
451 2448 589 2512 consiliis
613 2447 735 2513 omissis
759 2446 800 2511 ad
828 2468 865 2511 ea
888 2467 980 2530 quae
1002 2453 1088 2530 post
1114 2470 1242 2532 pacem
1263 2455 1457 2532 acceptam
1496 2441 1497 2512 J

312 2552 538 2629 factasunt,
565 2559 769 2618 transeamus.
821 2553 939 2635 Atque,
966 2558 1002 2617 ut
1029 2554 1093 2618 iam
1120 2555 1267 2631 vidimus,
1290 2553 1458 2620 Scheibius

312 2660 428 2743 quique
447 2681 518 2722 eum
537 2661 636 2724 secuti
655 2665 737 2734 sunt,
755 2680 832 2742 pace
850 2664 980 2742 accepta
997 2659 1196 2742 Lysandrum
1209 2660 1457 2726 Atheniensibus

311 2786 417 2830 muros
445 2764 826 2856 deiciendosltradidisse
854 2771 995 2842 censent,
1027 2766 1129 2850 ipsum
1157 2766 1283 2832 Samum
1310 2774 1458 2832 avectum

312 2893 379 2937 esse
406 2873 544 2954 indeque
568 2872 643 2935 viris
670 2870 877 2954 popularibus
904 2872 937 2934 in
961 2893 1119 2936 carcerem
1142 2875 1290 2939 coniectis
1312 2873 1457 2939 Athenas

312 2978 430 3044 redisse
454 2984 486 3042 et
509 2983 576 3041 tum
600 2979 725 3042 demum
748 2998 842 3041 naves
861 2976 1088 3042 comburendas
1107 2980 1265 3044 curavisse
1287 3000 1459 3061 murosque

312 3084 491 3159 diruendos,
515 3104 585 3146 cum
608 3083 818 3147 Athenienses
842 3080 946 3147 officio
969 3082 1151 3149 defuissent.
1161 3086 1188 3171 ³)

399 3189 467 3254 Iam
494 3189 543 3252 his
571 3210 695 3271 quoque
723 3188 756 3251 in
783 3188 877 3254 rebus
901 3190 1085 3254 ordinandis
1110 3212 1162 3255 eos
1186 3193 1339 3256 erravisse
1368 3213 1457 3256 com-

311 3294 523 3378 probabimus.
569 3295 639 3371 Qua
665 3296 698 3357 in
726 3317 761 3358 re
789 3317 827 3359 ex
853 3303 946 3378 parte
971 3297 1019 3359 uti
1047 3297 1121 3361 licet
1150 3297 1207 3373 eia,
1239 3319 1319 3380 quae
1343 3297 1460 3362 Stede·

312 3400 465 3484 feldtus⁴)
489 3401 641 3482 exposuit.
688 3401 884 3483 Quamquam
906 3403 945 3465 de
968 3401 1095 3465 navium
1118 3401 1352 3466 combustarum
1374 3411 1459 3468 tem-

311 3527 387 3590 pore
411 3527 491 3590 quae
515 3504 728 3571 Stedet'eldtus
751 3529 780 3589 p.
807 3508 847 3570 12
872 3507 1044 3591 disputavit
1076 3509 1187 3573 omitto
1220 3507 1352 3584 referre,
1384 3531 1459 3574 cum

311 3613 437 3678 omnino
478 3632 573 3676 naves
613 3634 675 3677 non
707 3633 775 3677 esse
812 3612 990 3678 combustas
1030 3613 1113 3678 infra
1153 3615 1345 3696 probaturus
1386 3617 1460 3678 sim.

402 3825 421 3890 ¹)
439 3825 633 3878 Westermann
652 3823 826 3890 quaestiones
847 3823 988 3894 Lysiacae,
1009 3824 1121 3894 Lipsiae
1142 3827 1218 3890 1860,
1241 3827 1262 3879 Ι.
1286 3843 1312 3894 p.
1333 3827 1416 3880 4-5.

400 3911 420 3973 ²)
441 3911 614 3978 Frohberger
641 3912 824 3979 caraecarae
847 3912 944 3966 Redeo
972 3913 1018 3967 des
1041 3913 1151 3983 Lysiae,
1180 3913 1296 3983 Leipzig
1321 3917 1405 3978 1866,
1439 3917 1461 3968 Ι.

311 4015 336 4067 p.
358 4001 398 4053 18.
419 3999 482 4053 adn.
502 4000 537 4051 ad
556 3999 631 4064 XIII,
652 4001 693 4054 17.
731 4000 766 4053 cf.
785 4000 828 4053 cd.
848 4001 911 4054 mia.
934 4003 1002 4055 1875
1021 4019 1046 4070 p.
1067 4003 1109 4056 94.

400 4086 421 4153 ¹)
439 4087 477 4141 Ut
495 4088 567 4140 hunc
586 4103 676 4141 rerum
690 4088 814 4142 ordinem
833 4089 1018 4155 Instituerent,
1038 4090 1104 4142 moti
1123 4096 1187 4143 sunt
1204 4090 1234 4142 ni
1253 4089 1336 4144 fallor
1350 4089 1463 4158 Lysiae

327 4192 348 4229 r.
370 4176 444 4240 XIII,
464 4176 507 4229 34.

311 4192 327 4230 ⁰
399 4264 420 4332 ⁴)
440 4263 472 4316 H.
484 4263 638 4318 Stedefeldt
653 4265 687 4319 de
698 4264 832 4334 Lysandri
847 4265 1004 4319 Plutarchei
1020 4265 1141 4319 fontibus
1157 4267 1268 4320 Bonnae
1281 4268 1355 4328 1861,
1370 4283 1400 4333 p.
1418 4271 1464 4322 13.
