3008 4884
540 389 583 396 -
632 353 715 432 1111)
763 388 801 398 -
1203 354 1243 418 11

107 550 283 608 structurae
305 561 376 606 curn
400 559 503 622 neque
524 539 559 604 in
582 540 696 605 ceteris
720 539 883 604 Ciceronis
905 539 997 606 libris
1025 560 1129 623 neque
1159 542 1246 626 apud

106 646 205 710 alium
228 661 418 726 quemquam
442 641 630 726 scriptorem
658 642 835 707 invenerim
864 643 1065 727 exemplum,
1098 644 1245 728 Kaysero

106 768 170 813 non
186 746 373 830 arlatipulor,
392 744 448 826 qui
464 744 567 810 locum
583 744 673 809 illum
689 744 755 810 inv.
771 745 812 823 ΙΙ,
833 749 884 817 50,
904 749 958 808 151
980 766 1043 810 non
1059 767 1078 810 a
1094 747 1246 813 Cicerone

107 849 285 934 proiectum
308 867 381 914 esse
403 853 505 932 putet.
552 847 601 912 (lt.
628 847 669 914 de
693 847 791 913 simili
812 848 1058 933 praepositionis
1088 871 1158 912 cum
1184 868 1244 914 usu

107 955 230 1018 Lorenz
253 952 295 1016 ad
316 952 364 1016 Pl.
390 951 485 1016 Most.
508 955 605 1028 1655;
633 950 790 1016 Daiatzko
812 951 854 1016 ad
878 951 953 1017 Ter.
978 952 1199 1016 Ρ1111111.512.

196 1056 311 1119 Notum
334 1061 384 1119 est
406 1052 492 1138 apud
515 1072 633 1118 aureae
654 1071 779 1135 quoque
809 1053 925 1119 aetatis
956 1054 1126 1138 scriptores
1148 1055 1248 1120 inter·

106 1157 184 1222 dnm
207 1157 395 1223 transitivae
417 1156 555 1222 notionis
578 1157 677 1222 verba
704 1155 872 1223 admittere
899 1157 1167 1240 praepositionem
1194 1160 1243 1239 clo,

106 1261 198 1326 velut
219 1261 385 1343 postulare
414 1261 452 1322 ds
482 1259 635 1343 colloquio
665 1259 758 1324 Caes.
793 1259 824 1324 b.
851 1260 929 1342 gall.
959 1265 994 1340 1,
1014 1263 1056 1323 42
1090 1262 1247 1345 (exempla

106 1363 175 1428 vid.
195 1362 281 1447 apud
297 1363 496 1446 Draegerum
509 1362 539 1425 1²
554 1381 629 1446 pag.
643 1364 732 1444 631).
762 1362 901 1426 Huncin
918 1363 1047 1428 modum
1060 1363 1247 1430 Cornificius

107 1468 234 1532 locutus
264 1461 331 1532 est:
370 1465 525 1549 aperiret)
545 1467 598 1556 'dc
627 1465 734 1548 aliqua
762 1487 814 1540 11,
846 1465 929 1548 quod
963 1466 1126 1550 significat
1155 1468 1248 1549 qnasi

104 1569 333 1654 wosffaucpea
355 1568 485 1632 1111111111
514 1569 607 1632 aeder
636 1577 747 1630 stauos:
789 1568 815 1643 Ι,
836 1570 865 1648 6,
886 1571 905 1629 9
929 1569 1073 1652 deinceps
1103 1571 1141 1632 de
1171 1570 1248 1632 11111-

105 1673 258 1736 naota'one
280 1671 483 1755 aperiendum
506 1679 562 1747 est,
596 1670 639 1752 ΙΙ,
660 1673 710 1750 31,
731 1675 772 1734 56
802 1671 831 1734 sa'
858 1672 896 1734 de
919 1671 1081 1736 clementio
1103 1672 1247 1736 damoni-

108 1783 177 1838 tute
199 1773 414 1838 misericordae
436 1781 544 1837 nostra
567 1796 629 1858 quo
651 1773 684 1836 ia
707 1773 787 1838 alios
808 1774 860 1836 asi
879 1775 977 1837 simus
1004 1775 1187 1856 aparr'emus.

472 1893 536 1976 62.
565 1893 621 1958 De
644 1892 884 1958 adiectivis.

201 1995 617 2061 Contrariam‘substantivi
639 1996 709 2061 loco
731 1996 777 2060 ita
800 2003 996 2081 usurpatum,
1023 2006 1059 2063 ut
1081 1999 1249 2080 genetivus

104 2097 187 2164 inde
209 2097 357 2182 pendeat,
392 2097 555 2163 rarissime
577 2117 740 2164 occurrere
764 2119 823 2182 per
845 2106 943 2164 totam
967 2100 1157 2166 latinitatem
1181 2123 1249 2166 mo-

104 2209 167 2268 net
192 2202 388 2286 Allgayerus
416 2201 584 2266 Antibarb.
611 2223 643 2286 p.
669 2205 742 2265 292.
793 2203 926 2267 Praesto
956 2202 1034 2267 mihi
1066 2213 1140 2270 sunt
1169 2205 1250 2271 haec

107 2306 277 2388 exempla,
303 2304 336 2368 in
360 2304 476 2386 quibus
500 2309 604 2368 utrum
628 2303 811 2387 genetivum
835 2325 876 2369 an
900 2305 1043 2371 dativum
1059 2307 1244 2387 habeamus,

107 2405 252 2472 discerni
281 2406 410 2488 nequit:
450 2406 544 2471 Corn.
568 2406 623 2488 IV,
644 2409 698 2484 28,
715 2409 757 2470 38
780 2407 813 2470 in
835 2407 993 2472 1111111111
1023 2431 1146 2485 causac,
1179 2410 1247 2475 Cic.

107 2511 178 2573 inv.
202 2509 246 2588 11,
272 2514 324 2590 54,
347 2511 406 2572 165
417 2509 576 2589 fidentiae
599 2509 793 2573 contrariam
808 2518 854 2574 cst
869 2509 1064 2594 diffidentia
1092 2512 1133 2577 cf.
1152 2514 1248 2577 etiarn

106 2612 180 2678 cic.
199 2610 254 2676 fin.
281 2617 311 2694 1,
331 2614 382 2689 nr,
404 2615 456 2676 11.

198 2714 235 2778 In
258 2713 552 2798 probatissimorum
576 2714 764 2798 scriptorum
787 2733 932 2780 sermone
956 2735 1027 2780 cunr
1051 2717 1094 2782 ad
1115 2717 1249 2800 gradum

106 2817 374 2902 comparativum,
407 2818 497 2883 cuius
519 2816 569 2882 vis
591 2825 758 2900 augeatur,
784 2818 972 2902 plerumque
995 2820 1102 2896 multo,
1129 2819 1170 2884 ad
1194 2839 1250 2886 su-

107 2921 304 3005 perlativum
327 2920 394 2986 sere
417 2939 545 3004 semper
568 2921 658 3005 lonqc
679 2918 754 2984 addi
778 2920 895 2998 soleat,
928 2921 1026 2984 mutto
1049 2921 1091 2986 ad
1114 2922 1249 3004 gradum

107 3023 342 3106 superlativum
366 3022 538 3088 admodum
561 3043 632 3087 raro
656 3021 800 3088 adicitur.
848 3022 952 3100 Quam
976 3024 1070 3106 quasi
1098 3024 1251 3091 distribu-

107 3125 232 3191 tionem
256 3127 452 3210 singularum
484 3126 516 3190 in
544 3126 689 3209 singulos
711 3125 832 3210 gradus
854 3146 966 3191 vocum
997 3147 1060 3192 non
1089 3129 1129 3192 ab
1159 3129 1250 3194 initio

107 3230 145 3293 in
169 3249 230 3295 usu
252 3229 362 3309 fuisse,
391 3228 447 3294 sed
470 3230 567 3294 multo
590 3229 665 3293 olim
689 3235 753 3294 tarn
778 3228 820 3294 ad
837 3229 1066 3313 superlativum
1090 3251 1185 3312 quam
1209 3232 1251 3297 ad

107 3332 365 3417 comparativum
399 3333 582 3417 appositum
617 3351 689 3398 esse
723 3341 756 3398 et
788 3351 828 3397 ex
862 3332 1020 3398 contrario
1055 3333 1144 3419 Ioppe
1177 3335 1250 3400 olim

106 3453 269 3518 nusquam
304 3435 482 3501 adhibitum
513 3454 585 3501 esse
614 3435 800 3518 superlativi
831 3435 972 3518 augendi
1001 3436 1123 3519 gratia,
1156 3438 1252 3523 plane

186 3575 201 3634 ¹}
222 3573 338 3642 Aperta-a
356 3572 385 3625 in
403 3573 439 3626 iis
457 3571 552 3627 verbis
570 3571 768 3626 numerandum
785 3578 837 3634 est,
859 3572 961 3641 quibus
974 3574 1136 3642 saepissime
1149 3581 1251 3630 etcum

105 3658 208 3714 studio
225 3659 346 3727 quodam
365 3659 453 3712 utitur
471 3657 649 3720 Cornificium
671 3658 843 3722 enimenim,
864 3663 895 3712 nt
914 3663 958 3712 est
976 3659 1093 3713 docendi
1113 3661 1252 3728 peritissi-

105 3759 191 3808 mus,
214 3743 243 3797 iu
261 3742 345 3799 rebus
364 3744 527 3799 enarrandis
545 3749 679 3813 quantum
698 3748 791 3811 potest
808 3743 895 3797 isdem
916 3747 945 3797 et
962 3745 1059 3798 verbis
1082 3750 1111 3798 ct
1131 3747 1253 3800 locutio-

105 3831 199 3884 nibus
216 3831 266 3883 uti.
300 3831 369 3898 Legi
388 3835 481 3884 autem
500 3831 605 3898 operare
624 3831 651 3883 in
670 3830 780 3883 duobus
798 3829 894 3896 primis
913 3829 992 3884 libris
1014 3829 1073 3893 (hos
1091 3831 1164 3884 enim
1177 3833 1253 3886 solos

104 3920 305 3986 perscrutatus
324 3921 392 3978 sumt
414 3916 484 3970 locis
508 3915 565 3970 his:
591 3916 613 3982 Ι,
634 3918 659 3980 3,
674 3919 699 3967 t.
721 3917 745 3979 1,
762 3918 785 3966 t.
807 3917 861 3977 5,8
881 3913 933 3968 bis.
960 3917 985 3979 6,
1001 3918 1026 3967 a.
1049 3918 1071 3976 a,
1092 3919 1129 3970 13.
1154 3920 1250 3980 11111.

107 4005 157 4063 16,
173 4004 215 4055 25.
235 4000 272 4066 II,
296 4003 317 4066 1,
333 4003 357 4055 2.
379 4003 404 4063 2,
419 4004 443 4056 3.
464 4003 506 4065 31,
523 4003 555 4052 56
566 4000 617 4055 bis.
651 3999 728 4055 idern
746 4005 892 4070 praeterea
910 3998 977 4054 haec
991 4001 1076 4055 verba
1089 4004 1253 4070 saepissimo

103 4087 258 4144 adhibuit:
285 4089 453 4141 considerare
471 4085 493 4153 Ι,
515 4089 538 4151 3,
555 4091 578 4139 ὃ.
601 4089 665 4152 6,9.
699 4085 740 4149 ΙΙ,
762 4087 825 4152 2,2.
847 4087 871 4150 1,
888 4087 912 4139 Ι.
939 4089 1004 4151 5,8.
1033 4089 1130 4152 11),15.
1156 4091 1193 4152 16,
1210 4091 1251 4142 23.

107 4175 149 4228 24
168 4173 222 4227 bis.
252 4174 348 4236 17,26.
376 4174 418 4236 20,
434 4175 475 4224 31.
497 4173 539 4236 tt,
556 4175 598 4226 ³8.
619 4173 708 4234 21,13
728 4171 781 4226 bis.
807 4171 848 4234 29,
863 4173 905 4222 tu.
927 4173 1031 4235 30,ta;
1057 4175 1254 4227 ursoruruodnre

110 4258 163 4326 (cf.
184 4260 331 4322 Destinou,
354 4259 390 4313 de
408 4260 469 4314 eod.
490 4258 573 4314 Corn.
594 4264 647 4313 rat.
667 4256 679 4310 1
699 4273 763 4327 pag.
779 4260 832 4320 51),
852 4263 907 4312 etc.

1030 4364 1045 4412 5
