3034 4896
719 277 934 340 ,56-

259 463 347 544 dixi,
373 463 463 529 iuxta
486 469 590 530 notus
613 462 858 550 primordiorum
880 464 950 530 rias
973 462 1217 548 primordiorum
1242 459 1307 527 diui
1338 480 1398 525 ne-
1500 484 1501 576 p

259 586 361 650 anre.

348 669 413 736 Sed
435 668 632 736 redeundum
656 677 705 736 eet
728 669 771 735 ad
794 669 1036 736 similitudinem
1058 670 1147 736 iliam
1163 669 1245 735 iuter
1260 669 1399 754 primor-

260 773 316 838 dia
349 780 381 840 et
410 774 577 839 verborum
609 774 779 840 elemento.
799 773 1007 858 propositum.
1062 771 1144 838 Nam
1176 773 1273 839 etiam
1303 775 1400 839 tertio

261 877 332 944 loeo
354 897 427 943 eam
449 877 492 942 ab
514 877 741 962 interpolatore
763 876 915 943 insortam
937 896 1010 943 esse
1032 875 1157 943 ostendi
1180 883 1295 960 potest.

720 980 745 1055 I,
774 980 934 1044 907-14.

535 1083 635 1164 (908).
660 1084 690 1146 9.
720 1085 759 1146 10
781 1109 824 1136 =
845 1081 887 1164 11,
920 1084 1038 1163 (1007).
1065 1082 1094 1145 8.
1121 1084 1141 1145 9

359 1188 423 1249 907
451 1186 563 1249 Iamne
585 1184 671 1250 audeo
693 1185 803 1270 ipitur,
822 1185 922 1267 paula
944 1184 1030 1270 quad
1048 1183 1184 1248 diximua
1205 1191 1289 1260 ante,

446 1288 617 1372 ponunt
635 1289 759 1374 afferte
781 1289 888 1352 eadem
904 1287 1083 1371 primordia
1105 1308 1198 1370 saepe

452 1411 521 1454 eum
544 1389 653 1474 quibua
676 1399 707 1455 at
728 1389 817 1475 quali
832 1389 980 1473 positura
1001 1389 1219 1454 contineantur

362 1494 425 1555 910
454 1500 486 1556 et
507 1514 582 1576 quaa
603 1492 686 1557 inter
706 1515 739 1556 aa
761 1493 836 1556 dent
857 1501 958 1558 mutua
980 1492 1206 1585 accipiantque,

450 1603 543 1679 atque
565 1597 671 1660 eadam
687 1595 788 1679 paulo
810 1595 894 1660 inter
914 1618 948 1660 ae
969 1604 1090 1660 mutata
1113 1619 1220 1660 creare

450 1698 538 1782 r'pnea
560 1707 591 1763 et
612 1697 757 1783 ieiunum?
780 1721 839 1783 qua
856 1708 953 1782 puato
977 1699 1071 1764 uerba
1095 1721 1214 1783 quoque
1236 1700 1307 1783 ipsa

452 1802 534 1866 inter
556 1823 588 1866 ae
604 1802 706 1885 paulo
727 1802 857 1867 mutantia
878 1811 952 1866 aunt
973 1802 1143 1880 elementia,

452 1926 522 1968 aum
544 1904 631 1989 liqna
651 1913 746 1989 atque
768 1905 854 1989 ipnea
875 1903 1024 1969 distinata
1046 1927 1118 1969 eoae
1139 1913 1291 1968 aoranae

264 2010 310 2074 Aa
332 2007 469 2092 primum
492 2006 620 2091 quidem
643 2007 777 2074 offendit
796 2006 982 2074 adverbium
997 2028 1090 2090 saepe
1104 2007 1138 2073 iu
1153 2010 1216 2073 908
1231 2027 1271 2074 aa
1292 2009 1403 2093 potius

264 2111 382 2176 falsum
397 2117 456 2190 est,
476 2109 561 2195 quod
582 2133 727 2193 semper
748 2110 855 2190 refert,
874 2130 945 2177 oum
962 2111 1078 2192 quibus
1094 2109 1268 2196 primordia
1282 2111 1402 2177 eadem

262 2212 494 2279 contineantur.
541 2213 667 2279 Deinde
690 2232 761 2279 oum
785 2211 960 2278 similitudo
981 2213 1039 2278 illa
1066 2212 1150 2279 inter
1171 2212 1345 2297 primordia
1368 2221 1404 2278 et

261 2317 422 2383 elementa
442 2316 476 2380 in
498 2317 645 2400 exemplo
661 2316 745 2400 ignis
762 2323 794 2382 et
808 2315 888 2399 ligni
906 2315 1107 2397 adhibeatur,
1134 2314 1257 2395 dieitur,
1283 2315 1403 2382 eadem

262 2418 436 2504 primordia
459 2421 556 2504 paulo
578 2419 660 2486 inter
682 2439 718 2486 ee
741 2426 864 2484 mutata
886 2438 994 2485 oreare
1017 2418 1110 2503 ignes
1133 2425 1166 2485 et
1187 2418 1321 2502 lignum.
1359 2419 1403 2484 Id
1504 2461 1505 2470 2

263 2523 430 2589 Lueretius
452 2541 515 2590 non
530 2522 669 2606 scripsit.
709 2522 793 2588 Nam
816 2521 962 2606 quamvis
984 2520 1157 2589 eontondat
1178 2521 1286 2587 multia
1303 2523 1404 2588 rebus

262 2625 364 2690 molta
385 2624 559 2709 primordia
581 2624 759 2691 eommunia
781 2643 869 2706 esee,
903 2631 1011 2691 tamen
1039 2631 1127 2691 oerta
1154 2624 1403 2710 primordiorum

261 2746 382 2810 genera
410 2726 661 2808 (limo-521)
688 2747 760 2794 ease
784 2727 905 2809 statuit,
932 2747 1024 2811 quae,
1051 2728 1079 2794 ai
1101 2747 1164 2793 uon
1186 2727 1253 2793 alia
1274 2728 1404 2793 ratione

261 2836 296 2895 at
319 2830 430 2913 figuris
452 2837 560 2896 tamen
582 2829 665 2896 inter
687 2849 723 2896 se
745 2829 911 2908 differunt;
937 2830 1054 2897 deinde
1076 2831 1110 2896 in
1132 2829 1205 2897 aliis
1221 2831 1317 2896 rebus
1333 2830 1402 2897 alia

261 2933 505 3018 primordiorum
527 2953 648 3016 genera
670 2953 800 3000 numero
818 2935 1004 3018 praevalere
1019 2933 1215 3000 demonstrat
1229 2934 1272 3014 Π,
1293 2935 1403 2999 381-

263 3039 337 3099 477,
378 3036 557 3116 Praeterea,
584 3043 618 3101 ut
637 3035 742 3120 ipsius
756 3036 866 3117 verba,
883 3036 980 3124 unde,
1000 3057 1081 3119 quae
1097 3035 1139 3103 sit
1153 3034 1401 3122 primordiorum

260 3139 295 3204 in
318 3140 413 3205 rebus
436 3138 656 3221 communitas,
682 3138 860 3205 clarissime
882 3146 1048 3224 appareat,
1075 3140 1219 3220 afferam,
1245 3140 1272 3220 I,
1292 3142 1401 3205 798-

262 3245 326 3306 802
349 3240 411 3310 ait:

305 3345 381 3431 quin
397 3345 507 3429 potitae
530 3345 590 3411 tali
608 3355 724 3411 enatura
740 3346 891 3430 praedita
914 3347 1065 3431 quaedam

306 3471 438 3532 corpora
459 3449 642 3526 constituae,
667 3448 768 3534 ipnem
791 3449 822 3513 ai
831 3450 926 3534 forte
948 3449 1097 3529 maurini,

301 3574 396 3636 potae
416 3553 532 3633 eadem,
559 3551 736 3635 demptis
753 3551 903 3635 paucis
919 3551 1150 3636 paucisque
1174 3550 1367 3616 tributis.

307 3654 452 3720 ordine
473 3663 627 3720 mutato
649 3662 687 3718 et
709 3655 964 3739 motu,facere
986 3653 1068 3718 aaru'a
1090 3675 1196 3729 aaran,

308 3759 353 3822 aia
375 3757 457 3823 aliua
479 3757 552 3822 aina
574 3757 665 3822 rebua
686 3757 839 3822 mutarier
861 3757 985 3821 omnia?

264 3863 376 3946 Itaque
399 3860 467 3928 deri
490 3880 554 3926 non
582 3860 701 3945 potuit,
735 3866 771 3926 ut
799 3859 884 3944 ignia
912 3858 1095 3945 primordiis
1125 3859 1221 3943 paulo
1252 3859 1336 3925 inter
1365 3879 1403 3924 se

263 3965 394 4032 mutatis
417 3964 539 4048 lignum
562 3962 636 4028 oriri
658 3970 796 4048 putaret.
836 3960 942 4040 Quian
963 3961 1049 4046 quod
1067 3963 1239 4028 caelestem
1256 3963 1402 4027 fulminis

261 4069 370 4152 ignem
400 4067 550 4133 subtilem
580 4066 682 4150 magis
711 4086 806 4150 quam
836 4065 1032 4131 terrestrium
1061 4065 1226 4130 taedarum
1249 4085 1267 4130 e
1291 4067 1401 4149 paruis

260 4177 409 4238 aonetme
432 4169 542 4254 figuris
566 4175 694 4247 eenoet,
720 4169 766 4235 ita
788 4175 823 4234 ut
846 4167 1020 4235 mutatione
1043 4174 1166 4234 tantum
1189 4166 1310 4233 ordinis
1334 4170 1402 4252 pri-
