3006 4892
574 381 618 394 --
666 346 728 428 [01]
774 383 819 394 -
1247 352 1265 411 r

127 535 271 621 epistula
293 533 523 620 comprehensa
548 533 718 619 pertinent,
751 533 928 600 abeodem
953 535 1096 622 Sanppio
1125 537 1267 624 reperies

127 646 276 706 enotatas
290 639 324 704 in
342 637 576 717 „Naehriebtcn
592 637 649 703 der
660 637 812 721 Koenigl.
825 637 1042 705 Gesellscbaft
1057 639 1268 707 derWissen-

127 742 276 808 sebasten
299 763 337 807 zu
361 741 574 825 Goettingen“
602 743 683 805 1863
706 761 737 826 p.
759 745 840 806 tdss.

217 862 307 941 Quae
329 869 453 929 restant
473 861 622 947 Dionysii
651 883 750 947 opera
773 863 945 947 rhetorica,
978 871 1145 948 postquam
1169 866 1206 934 O.
1225 867 1264 933 G.

126 965 345 1050 Kmegems1)
376 966 549 1051 epistulam
572 964 616 1030 ad
638 965 697 1032 On.
716 966 915 1051 Pompeium,
947 967 987 1032 de
1009 967 1197 1054 Thucydide
1219 970 1270 1036 iu-

127 1069 259 1150 dicium,
291 1069 435 1135 libellum
457 1069 498 1134 de
520 1068 719 1154 Thucydidis
740 1069 902 1134 idiomatis
932 1071 1081 1137 continno
1107 1092 1269 1139 cemmen-

126 1173 213 1239 tario
244 1173 406 1239 illustrata
433 1171 535 1238 edidit
566 1193 759 1256 quamquam
788 1192 829 1238 ne
861 1173 932 1258 ipse
962 1174 1092 1255 quidem
1125 1175 1269 1243 codicum

127 1274 283 1342 subsidiis
307 1295 395 1355 usus,
428 1281 459 1342 et
481 1274 562 1342 baec
588 1276 776 1359 etreliqua,
809 1276 882 1340 libri
911 1275 952 1342 de
975 1277 1113 1361 antiquis
1136 1281 1272 1346 oratori-

126 1379 191 1445 bus
213 1387 336 1463 partem
358 1377 509 1463 priorem,
535 1377 575 1442 de
590 1377 806 1444 Demosthene
827 1377 989 1461 iudicium,
1015 1387 1158 1446 veterum
1174 1402 1269 1464 quam

127 1489 247 1548 vocant
268 1501 437 1548 censuram
467 1486 609 1567 (excepto
632 1481 673 1546 de
688 1481 852 1547 Dinarebo
874 1482 996 1568 libello,
1022 1483 1075 1566 qui
1099 1485 1167 1550 solo
1182 1486 1270 1551 Lau-

127 1585 275 1651 rentiano
298 1587 378 1670 plut.
397 1585 475 1650 LIX
493 1589 529 1647 15
553 1585 664 1650 nititur
686 1593 718 1650 et
740 1604 780 1649 ex
803 1605 840 1650 eo
860 1605 924 1650 una
946 1605 1016 1650 eum
1032 1588 1126 1653 Isaeo
1141 1609 1161 1652 a
1175 1589 1270 1654 Petro

128 1689 271 1755 Victorio
301 1688 450 1772 Lugduni
479 1709 509 1753 a.
532 1690 613 1752 1580
642 1688 762 1773 publici
790 1687 870 1753 iuris
899 1688 1004 1754 factus
1034 1693 1092 1774 est)
1133 1692 1269 1776 primum

126 1792 283 1858 librorum
300 1812 396 1857 manu
413 1791 600 1876 scriptorum
612 1791 803 1858 lectionibus
819 1793 973 1858 instructa
989 1793 1090 1859 edidit
1105 1793 1143 1860 Ε.
1155 1795 1266 1876 erosa

128 1902 258 1979 praeter
287 1894 369 1960 alios
399 1894 562 1960 Parisinus
593 1894 731 1960 maxime
761 1913 838 1960 usus
867 1895 1030 1961 codicibus
1059 1895 1271 1964 bibliothecae

129 1997 279 2082 publicae
302 2000 430 2061 n.1657
453 1998 499 2080 (A)
527 2003 560 2062 ct
581 1999 709 2062 111742
730 1996 792 2079 (Β).
831 1996 870 2061 Εἰ
894 2003 1000 2063 tamen
1016 1999 1189 2084 collationi,
1211 1999 1272 2066 etsi

129 2099 377 2183 diligentissime
404 2100 438 2164 in
466 2119 506 2165 ea
534 2118 569 2165 se
592 2099 775 2166 elaborasse
798 2099 930 2166 Gresius
959 2099 1168 2186 0101101013),
1208 2123 1272 2170 non

128 2225 280 2288 magnam
303 2204 399 2270 fidem
421 2202 628 2288 irrogandam
651 2222 723 2270 esse
744 2204 906 2270 Usenerus
929 2205 1140 2289 gravissimus
1163 2215 1274 2275 auctor

129 2315 197 2386 est;
224 2307 266 2373 ef.
292 2309 401 2372 annal.
426 2307 538 2392 philol.
561 2310 641 2372 1873
666 2328 698 2391 p.
721 2312 792 2372 154.

218 2427 281 2506 Qui
304 2427 453 2494 Gnosium
475 2428 603 2512 excepit
624 2427 781 2494 Henrieus
803 2448 867 2493 van
889 2428 1117 2512 Herwerden⁴J
1148 2431 1270 2517 primus

128 2531 260 2597 Italicos
283 2530 411 2596 codices
434 2530 597 2612 adhibuit,
630 2530 875 2595 Ambrosianum
899 2530 1006 2594 D119
1030 2551 1101 2617 sup.
1128 2541 1160 2599 et
1175 2535 1272 2599 Pala-

128 2635 231 2699 tinum
254 2633 431 2699 Vaticanae
453 2655 486 2698 n.
506 2636 545 2698 58
569 2634 603 2698 in
625 2632 834 2698 emendandis
857 2633 1004 2717 epistulis
1026 2633 1069 2699 ad
1084 2637 1273 2718 Ammaeum

129 2737 171 2802 de
193 2737 411 2802 Demosthene
434 2744 466 2801 et
488 2737 659 2801 Aristotele
689 2743 721 2801 et
743 2735 785 2800 ad
807 2735 865 2800 Cn.
885 2737 1082 2822 Pompeium,
1114 2739 1273 2805 Florenti-

129 2860 190 2905 nos
221 2859 279 2905 sex
307 2839 341 2904 in
363 2839 502 2923 epistula
525 2839 567 2903 ad
591 2841 777 2904 Aminaeum
807 2839 980 2922 posteriore
1011 2838 1052 2906 de
1074 2841 1273 2926 Thucydidis

129 2942 306 3008 idiomatis.
354 2943 428 3007 Mox
458 2941 543 3007 idem
572 2941 604 3006 iu
627 2941 767 3007 editione
790 2942 907 3026 Lysiae
931 2943 1109 3008 orationum
1136 2947 1275 3011 selecta-

129 3067 212 3128 rum,
239 3066 323 3128 quae
346 3045 464 3130 prodiit
486 3045 669 3128 Groningae
693 3067 724 3110 a.
743 3044 1007 3127 MDCCCLXIIL
1041 3053 1073 3111 et
1096 3047 1272 3114 orationem

130 3151 165 3214 in
200 3150 403 3234 Diogitenem
438 3156 471 3214 et
503 3148 612 3214 iudicii
645 3148 686 3214 de
715 3148 816 3233 Lysia
847 3148 973 3213 initium
1009 3150 1050 3233 lp.
1077 3154 1272 3216 452-4111

205 3409 223 3470 ¹)
244 3404 376 3476 Dionysii
389 3405 645 3460 Halicarnassensis
661 3404 912 3473 historiograpbica
927 3447 932 3459 .
947 3447 972 3460 ..
995 3421 1056 3459 cum
1076 3407 1197 3474 priorum
1212 3408 1275 3463 edi-

132 3501 224 3547 temm
244 3492 359 3561 suisque
379 3491 607 3547 adnotationibus
626 3491 715 3545 edidit
733 3491 850 3546 Carolus
869 3490 1025 3546 Guilelmus
1040 3491 1159 3561 Krllger.
1196 3493 1276 3550 Halis

132 3579 276 3632 Saxonum
291 3575 527 3632 MDCCCXXIII.
547 3606 582 3616 -
601 3575 695 3640 Sicubi
714 3577 741 3630 in
765 3576 818 3631 hoc
836 3577 932 3632 libello
950 3578 1123 3646 Kruegemm
1142 3579 1273 3645 laudabo,

132 3665 156 3717 si
175 3662 244 3718 nibil
263 3663 506 3728 addidero,'illum
525 3663 625 3717 librum
642 3679 684 3716 me
701 3663 866 3731 intellegere
885 3665 957 3718 seito
991 3665 1000 3732 ll
1035 3665 1276 3726 1111110010οοῐί-

130 3750 211 3818 tique
224 3750 275 3803 des
288 3749 352 3817 plus
364 3746 489 3804 celebres
502 3747 642 3802 herivains
661 3749 695 3804 de
713 3749 741 3803 la
754 3748 843 3804 Grdee
862 3765 913 3817 par
925 3750 1023 3819 Denys
1036 3750 1272 3816 d’Haliearnasse;

130 3835 240 3889 traduit
251 3845 287 3890 en
300 3833 422 3904 traneais
442 3875 483 3891 ...
505 3833 673 3889 collationnd
687 3851 734 3889 sur
747 3836 788 3890 les
800 3837 966 3890 manuscrits
984 3837 1019 3891 de
1038 3837 1065 3890 la
1083 3837 1276 3906 bibliotheque

131 3921 170 3974 du
183 3921 224 3974 roi
238 3925 268 3974 et
280 3935 328 3974 sur
341 3919 382 3974 les
394 3920 553 3976 meilleuras
565 3918 687 3974 editions
700 3936 751 3990 par
762 3920 795 3974 Ε.
811 3919 891 3975 Gros.
912 3921 992 3975 Paris
1008 3923 1072 3974 1826
1107 3921 1117 3990 ll
1151 3922 1171 3986 ³)
1192 3923 1247 3976 vol.
1263 3923 1276 3976 l

130 4022 159 4075 p.
175 4005 268 4061 XXV.
307 4004 386 4059 Dans
404 4006 432 4059 la
450 4006 583 4060 collation
602 4006 651 4059 des
670 4009 846 4070 manuscrits,
862 4007 913 4076 j'ai
931 4007 1056 4061 recueilli
1074 4007 1116 4061 les
1135 4009 1276 4064 variantes

130 4109 201 4146 avec
220 4092 248 4146 la
265 4093 329 4168 plus
347 4091 528 4160 scrupuleuse
541 4093 680 4146 attention
715 4091 725 4160 ΙΙ
758 4093 778 4155 41
800 4091 929 4162 Dionysii
945 4092 1201 4149 Halicarnassensis
1214 4095 1276 4162 epi-

132 4178 224 4231 stolae
250 4178 365 4231 criticae
390 4181 447 4230 tres
468 4214 474 4229 .
496 4217 502 4230 .
525 4217 530 4228 .
557 4177 645 4232 edidit
668 4176 806 4231 hienricus
829 4191 883 4230 van
906 4177 1083 4232 Herwerden.
1116 4177 1277 4248 Groningac

130 4261 336 4318 MDCCCLXI.
