3048 4898
268 347 307 412 16
709 385 750 395 -
797 347 870 431 [rc]
919 385 960 394 -

356 535 439 609 Οὐδὲ
463 538 573 628 μάκαρ
597 535 707 620 οὐδεὶς
729 540 865 607 πέλεται
887 535 1018 625 βροτός,
1042 531 1126 606 ἀλλὰ
1148 541 1292 628 πονηροὶ

397 646 532 730 πάντες,
556 640 674 727 ὅσους
697 639 872 735 θνητοὺς
893 639 1026 734 ἠέλιος
1048 651 1214 735 καθορᾷ.

265 777 300 840 ln
325 775 509 843 collectione
532 773 806 859 Theognideorum
829 771 971 838 conferas
994 775 1173 856 praeterea:

353 899 418 965 615
444 890 572 966 Οὐδένα
595 894 778 985 παμπήδην
802 888 934 983 ἀγαθὸν
957 897 1014 962 καὶ
1035 895 1171 982 μέτριον
1195 889 1300 982 ἄνδρα

353 1007 418 1072 616
485 1012 565 1070 τῶν
588 1012 660 1070 νῦν
684 997 916 1092 dvdpcirrrev
938 996 1070 1090 ἠέλιος
1093 1009 1259 1094 καθορᾷ.

264 1132 379 1198 Poiisin
406 1137 513 1198 autem
541 1131 712 1216 elegiacam
744 1129 840 1196 simili
868 1129 933 1196 lere
960 1128 1055 1194 modo
1082 1149 1145 1212 quo
1172 1127 1369 1195 Homericam
1382 1130 1408 1213 ¹)

265 1240 359 1306 certis
382 1246 415 1306 et
437 1237 633 1324 longioribus
655 1245 817 1322 tamquam
845 1223 987 1302 formulis
1010 1235 1135 1300 dicendi
1162 1236 1316 1321 insignem
1338 1258 1409 1302 esse

264 1350 391 1430 praeter
423 1365 461 1412 ee
491 1365 573 1430 quae
606 1345 700 1411 modo
727 1343 939 1429 congessimus
972 1343 1114 1428 exempla
1141 1342 1269 1428 Tyrtcci
1296 1343 1409 1428 elegiis

264 1453 420 1518 docemur.
466 1449 621 1518 Carminis
644 1453 728 1518 enim
749 1451 778 1516 X
801 1451 865 1536 (ed.
883 1449 1014 1536 Bergk)
1033 1472 1140 1516 versus
1159 1451 1211 1517 31.
1230 1449 1273 1516 32
1291 1452 1409 1516 iterum

264 1562 414 1644 leguntur
435 1560 468 1624 in
487 1560 634 1626 carminis
653 1559 698 1624 XI
721 1557 862 1623 versibus
885 1558 936 1624 21.
956 1557 1008 1636 22,
1030 1561 1127 1644 atque
1145 1579 1215 1624 cum
1234 1559 1267 1622 in
1285 1565 1408 1624 uuum-

264 1688 326 1750 que
355 1666 459 1732 locum
490 1667 572 1733 bene
603 1665 771 1749 quadrent,
802 1663 940 1749 Bergkio
949 1665 976 1752 ²)
1007 1665 1114 1730 malim
1146 1663 1320 1743 adsentire,
1351 1665 1408 1750 qui

265 1773 336 1840 illos
372 1794 480 1840 versus
516 1773 560 1860 (X
592 1774 643 1838 31.
672 1771 729 1858 32)
770 1771 899 1838 minime
936 1770 1121 1837 subditicios
1157 1777 1275 1849 censet,
1312 1792 1408 1856 quam

265 1879 423 1946 Brunclrio
445 1880 579 1965 aliisque
601 1879 677 1945 viris
700 1879 810 1956 doctis,
832 1879 887 1962 qui
909 1879 968 1945 hos
985 1899 1093 1944 versus
1116 1877 1320 1945 secludendos
1338 1899 1407 1944 esse
1510 1923 1511 1954 p

265 1986 415 2052 iudicant
464 1986 559 2073 Apud
586 1985 719 2053 eundem
745 1988 872 2070 potitam
898 1985 931 2050 in
960 1985 1060 2070 elegia
1082 1984 1144 2050 XII
1170 2005 1294 2052 versum
1321 1983 1408 2050 deei-

266 2116 350 2159 mum
371 2093 484 2160 leviter
506 2115 527 2159 a
549 2093 694 2160 vicesimo
718 2092 847 2158 differre
869 2093 991 2158 monuit
1013 2091 1198 2158 Rintelcnus
1220 2113 1250 2176 p.
1272 2091 1325 2156 43.

354 2200 445 2267 Aliae
471 2207 577 2267 autem
605 2201 758 2267 eiusmodi
782 2221 927 2288 versuum
949 2200 1154 2285 repetitiones
1182 2219 1251 2264 cum
1274 2199 1307 2262 in
1330 2199 1406 2264 reli·

265 2328 399 2392 quorum
427 2314 459 2374 et
485 2308 629 2392 inprimis
657 2305 770 2375 Gallim
794 2306 975 2372 Archilochi
999 2304 1122 2372 Solonis
1149 2308 1314 2390 po'dtanun
1340 2307 1406 2372 ele-

264 2415 424 2500 giamrum
456 2414 641 2499 fragmentis
672 2416 736 2493 iam
767 2435 829 2480 non
862 2413 1074 2491 inveniantur,
1106 2419 1212 2478 tamen
1230 2412 1271 2494 psi
1303 2415 1407 2479 minus

264 2521 411 2588 mutilata
437 2522 479 2588 ad
506 2527 647 2588 nostram
669 2522 886 2606 pervenissent
908 2526 1059 2598 aetatem,
1087 2542 1126 2586 ex
1151 2519 1202 2585 his
1225 2541 1349 2604 quoque
1372 2521 1407 2586 id

264 2629 349 2713 quod
384 2629 477 2696 modo
514 2629 554 2694 de
590 2629 744 2694 eiusmodi
775 2627 917 2694 formulis
949 2627 1167 2694 contendimus
1199 2647 1306 2692 verum
1338 2647 1407 2694 esse

264 2735 408 2802 eluceret.

352 2949 507 3028 Quoniam
534 2951 612 3016 satis
644 2950 874 3016 demonstrasse
900 2949 992 3015 nohis
1024 2949 1166 3014 videmur
1192 2967 1300 3014 versus
1327 2969 1406 3031 quos

263 3079 359 3142 supra
385 3058 694 3124 commemoravimus
720 3057 873 3140 repetitos
899 3057 979 3122 nihil
1002 3055 1171 3140 impedire,
1197 3055 1407 3140 quominusa

263 3186 355 3230 versu
376 3165 478 3250 primo
501 3164 541 3230 ad
566 3165 764 3230 millesimum
781 3162 848 3229 fere
870 3183 965 3229 unam
983 3163 1232 3248 fragmentorum
1253 3161 1407 3247 syllogam

263 3272 491 3354 agnoscamus,¹
512 3293 594 3336 nunc
625 3271 739 3354 quibus
767 3268 883 3338 linibus
910 3271 997 3356 prior
1024 3270 1261 3354 circumscripta
1286 3269 1328 3335 sit
1356 3268 1406 3334 vel

264 3379 369 3462 potius
395 3377 451 3443 ubi
478 3377 609 3444 alterius
636 3378 775 3462 syllegae
801 3378 927 3443 initium
955 3377 1156 3444 statuendum
1182 3377 1226 3442 sit
1251 3395 1405 3441 eruamus

353 3484 460 3570 Usque
487 3485 529 3550 ad
560 3505 682 3550 versum
713 3483 796 3550 1038
824 3484 983 3551 corollarii
1013 3485 1115 3550 nostri
1142 3504 1289 3549 versuum
1315 3501 1406 3567 repe·

263 3591 391 3658 titiones
418 3590 558 3675 singulas
580 3591 835 3675 investigavimus
858 3592 1127 3675 repetitorumque
1150 3609 1259 3656 causas
1282 3589 1405 3673 aperire

356 3787 374 3854 ¹)
394 3784 443 3841 cfr.
454 3785 620 3841 Odclrsdum
632 3784 797 3842 Muellerum
808 3785 918 3842 Griech.
928 3785 1176 3855 Littercturgesch.
1186 3785 1198 3840 l
1209 3783 1318 3852 (culn)
1329 3785 1405 3854 p.62.

264 3905 298 3915 -
313 3874 475 3930 addiderim
493 3875 545 3930 hoc
564 3874 632 3941 loco,
651 3874 680 3930 in
699 3891 779 3931 versu
794 3876 844 3932 661
864 3891 914 3946 pro
932 3867 1053 3946 οἷάπερ
1072 3866 1149 3944 ᾔδειν
1167 3873 1269 3930 rectius
1287 3873 1405 3929 fortasse

264 3962 437 4018 scribendum
456 3955 504 4018 ola
521 3957 672 4036 πάροιθεν,
693 3964 765 4034 quod
779 3965 815 4020 ad
829 3965 977 4034 insequens
992 3967 1041 4019 νῦν
1054 3981 1078 4019 v.
1094 3965 1146 4020 669
1160 3963 1262 4034 optime
1278 3963 1404 4034 quadrat·

264 4053 315 4120 (Dc
334 4051 398 4107 aliis
421 4052 587 4108 coniecturis
610 4052 659 4109 clr.
679 4055 780 4124 Bergk.
799 4055 835 4110 ad
854 4055 881 4108 h.
901 4052 929 4119 l.)
956 4054 1127 4123 Quamquam
1151 4069 1202 4108 vox
1221 4051 1272 4108 illa
1294 4046 1405 4123 (πάροι-

264 4144 327 4208 θεν)
350 4143 423 4212 apud
442 4147 538 4212 pectas
558 4142 696 4213 elegiacos
715 4159 768 4198 uon
786 4143 938 4210 invenitur,
961 4149 1054 4199 tamen
1077 4144 1173 4199 codem
1192 4158 1287 4208 sensu,
1311 4141 1358 4211 qui
1378 4140 1406 4196 in

265 4232 316 4286 hoc
340 4230 400 4287 loco
423 4231 514 4287 inesse
533 4232 629 4298 debet,
653 4232 725 4302 apud
745 4233 892 4288 Homerum
916 4231 1078 4288 vocabulum
1102 4228 1227 4304 πάροιθε
1246 4231 1407 4290 adhibetur:

264 4319 313 4374 cfr.
334 4335 357 4376 c.
376 4338 402 4390 g.
422 4318 502 4376 Iliad.
523 4321 564 4388 15,
584 4323 649 4390 2273
672 4321 768 4393 Odyss.
789 4324 830 4387 16,
851 4323 901 4376 181
921 4327 974 4378 etc.

355 4409 375 4476 ¹)
394 4409 443 4464 cfr.
462 4409 577 4479 Bergkii
595 4409 801 4467 adunationem
820 4411 855 4466 ad
874 4409 950 4483 Tyrt
970 4411 1057 4466 1131.
1077 4411 1119 4468 32.
