2982 4884
533 396 574 406 -
622 360 706 444 [nuo]
753 397 798 408 -
1172 363 1231 426 195

100 543 177 614 λετό
200 569 276 613 τινα
295 540 319 634 ,ἢ
341 547 518 614 πολιτείαν
539 548 650 632 spuria
663 565 753 616 esso:
779 567 862 632 quae
877 547 1021 634 ineptum
1043 548 1236 634 interpreta—
1326 620 1329 630 ,

100 657 242 716 mentum
268 658 343 716 sunt
364 649 491 716 illorum
513 645 593 717 οὐδὲ
615 651 696 736 περὶ
718 659 776 739 τῆς
798 656 1029 739 προαιρέσεως
1051 658 1118 720 τῶν
1135 655 1237 720 στολι-

99 751 284 836 τεαμάτων.
325 752 426 837 quue
440 753 558 822 oertius
574 755 671 822 etiam
693 773 732 823 eo
746 754 792 840 fit,
812 755 897 839 quod
911 756 1021 841 paullo
1036 755 1120 823 infra
1134 757 1235 824 inter-

98 857 218 942 polatio
247 857 328 924 satis
358 858 530 944 perspicua
558 857 706 944 Dionysii
734 858 841 926 verbis
870 859 954 926 male
983 857 1142 945 adspersu
1171 869 1231 928 est.

99 959 272 1046 Excipiunt
299 959 384 1026 enim
414 961 513 1028 verba
535 980 635 1046 supra
657 962 756 1028 eitata
785 962 883 1030 haee:
918 955 1005 1028 odos
1028 959 1091 1049 γὰρ
1115 956 1132 1028 ὃ
1156 961 1234 1041 τοὺς

103 1057 315 1148 Ἰσοκράτους
337 1061 496 1151 μαθητάς
518 1058 722 1150 ἀναγράψας
736 1059 931 1152 ’Ἕρμιππος
954 1059 1093 1155 άκριβής
1112 1065 1149 1133 ἐν
1163 1079 1236 1145 τοῖς

98 1161 214 1242 ἄλλοις
236 1163 416 1250 γενόμενος
437 1161 524 1253 ὑπὲρ
540 1167 637 1234 τοῦδε
660 1174 721 1234 τοῦ
739 1165 880 1254 ῥήτορος
903 1161 1003 1234 οὐδὲν
1024 1167 1155 1256 εἴρηκεν
1170 1169 1234 1250 ἔξω

97 1269 193 1335 δυεῖν
213 1266 352 1352 τούτων,
379 1263 433 1338 ὅτι
454 1267 610 1357 διήκουσε
632 1271 696 1353 μὲν
715 1264 935 1357 Ἰσοκράτους,
963 1269 1181 1359 καθηγήσατο
1198 1273 1235 1338 δὲ

96 1376 359 1460 Δημοσθένους,
387 1377 580 1458 συνεγένετο
604 1373 640 1438 δὲ
663 1385 734 1450 τοῖς
757 1367 909 1460 άρίστοις
930 1380 996 1439 τῶν
1019 1372 1232 1462 φιλοσόφων.

97 1478 177 1562 Ipsa
198 1497 303 1562 paene
324 1477 424 1543 verba
446 1477 586 1544 olamant
607 1497 705 1545 unum
727 1479 819 1544 solon
842 1477 1019 1546 tollendum
1042 1497 1129 1554 esse;
1160 1500 1234 1545 nam

98 1601 173 1648 oum
195 1580 390 1666 Hermippus
413 1580 531 1646 dixerit
558 1578 622 1660 ἔξω
646 1580 762 1647 δυεῖν
789 1577 934 1664 τούτων,
965 1587 1074 1648 tamen
1099 1582 1162 1648 tria
1182 1603 1237 1650 se-

98 1693 241 1768 quuntur
261 1683 343 1752 oola.
390 1682 692 1768 Quaeritur-igitur,
719 1704 803 1767 quae
824 1685 889 1750 sint
910 1683 1051 1768 genuina
1068 1686 1236 1772 Hermippi

98 1785 307 1871 Dionysiive,
333 1805 416 1870 quae
442 1785 569 1854 lectoris
597 1787 735 1854 alieuius
766 1787 840 1853 vilis
870 1786 1025 1854 doctrina.
1072 1788 1236 1857 Habemus

97 1899 221 1972 antem,
252 1889 368 1974 quibus
389 1890 453 1956 nisi
476 1890 619 1975 spurium
648 1891 739 1958 colon
768 1896 854 1958 nerto
882 1890 1032 1974 detegere
1061 1893 1232 1977 possimus,

96 1993 283 2061 testimonia
304 1993 401 2060 haeo:

189 2120 220 2178 1.
247 2101 351 2190 τινος
370 2107 510 2192 'roano
538 2113 579 2180 ef.
605 2113 776 2179 Wosterm.
801 2113 902 2197 progr.
928 2135 960 2198 p.
981 2117 1054 2178 nor.

103 2233 109 2242 ’
183 2229 307 2312 Ἰσαῖος
330 2227 347 2300 ὃ
371 2232 481 2322 ῥήτωρ
499 2232 629 2319 ἐγένετο
645 2229 730 2298 κατὰ
745 2238 808 2315 μέν
823 2255 918 2310 τινας
932 2227 1124 2320 Ἀθηναῖος,
1151 2231 1237 2299 κατὰ

98 2339 136 2404 δέ
150 2361 249 2416 τινας
263 2336 463 2420 Χαλκιδεύς,
484 2333 614 2421 πατρὸς
630 2337 666 2402 δὲ
682 2333 864 2422 Διαγόρου,
886 2341 976 2419 prot}
986 2336 1056 2424 ήτὴ
1062 2360 1080 2414 ς
1095 2331 1165 2403 ὄ’“Ἰ
1169 2359 1235 2403 σο-

98 2441 283 2528 κράτους
302 2448 374 2507 τοῦ
392 2439 586 2528 ῥήτορος,
607 2437 847 2516 διδάσκαλος
865 2439 905 2504 δὲ
920 2443 1232 2527 Δημοσθένους.

170 2539 221 2622 ὥς
244 2541 588 2632 φήσιΔιονάσιος
611 2536 973 2628 ὃἉλικαρνασεὺς
991 2536 1009 2607 ὅ
1028 2541 1231 2630 κριτικός.

185 2668 217 2728 2.
241 2663 306 2729 vit.
331 2663 362 2728 X
386 2670 479 2744 orat,
506 2663 548 2729 of.
573 2661 744 2729 Westerm.
769 2661 872 2746 biogr.
898 2683 930 2748 p.
949 2665 1023 2728 260.

182 2778 306 2860 Ἰσαῖος
328 2779 518 2862 Χαλκιδεὺς
539 2781 603 2865 μὲν
628 2769 669 2869 ήν
691 2779 728 2846 τὸ
752 2787 865 2866 γένος,
899 2779 1177 2868 παραγενόμενος
1199 2777 1232 2849 δ’

98 2887 147 2966 εἰς
162 2881 313 2975 Ἀθήνας
335 2885 393 2952 καὶ
415 2881 627 2969 σχολάσας
649 2885 726 2970 μὲν
744 2879 982 2970 Ἰσοκράτει
1006 2935 1013 2950 .
1034 2935 1041 2949 .
1063 2936 1069 2950 .
1095 2893 1235 2975 καθ-ή-

98 2989 259 3080 γήσατο
283 2987 324 3056 δὲ
347 2993 668 3078 Δημοσθένους.

186 3114 218 3176 3.
245 3109 364 3178 Suidne
385 3109 511 3178 lexicon
533 3129 560 3174 s.
585 3129 617 3174 v.
638 3101 772 3185 Ἰσαῖος.

184 3226 320 3308 Ἰσαῖος.
346 3225 395 3307 εἷς
409 3234 473 3312 μέν
494 3227 565 3295 ἐστι
580 3235 646 3296 τῶν
661 3232 673 3292 l
689 3225 850 3316 ῥητόρων,
876 3224 1068 3315 μαθητής
1091 3223 1122 3294 d'
1137 3223 1164 3294 Ἰ
1169 3253 1237 3296 σο-

100 3333 304 3422 κράτους,
345 3329 607 3408 διδάσκαλος
644 3329 687 3397 δὲ
724 3335 1045 3417 Δημοσθένους,
1100 3330 1237 3406 (Similia

98 3440 199 3505 habet
219 3435 388 3519 Dodonia.)

186 3540 237 3606 Ex
260 3539 310 3605 his
333 3537 524 3606 testimoniis
547 3544 579 3604 et
600 3535 702 3620 ipsius
724 3534 893 3621 Hermippi
921 3535 1027 3603 verbis
1058 3535 1122 3616 ἔξω
1145 3538 1239 3605 dossa

99 3642 231 3712 τούτων
252 3641 430 3710 certissime
453 3640 590 3708 efficitur
610 3640 709 3705 verba
731 3643 925 3723 συνεγένετο
948 3638 985 3704 δὲ
1000 3651 1071 3716 τοῖς
1087 3634 1238 3725 ἀρίστοις

100 3756 167 3814 τῶν
183 3741 387 3833 φιλοσόφων
407 3743 519 3829 spuria
535 3762 618 3814 esse.
658 3739 859 3824 Quamquam
874 3740 955 3808 haeo
969 3741 1172 3828 interpolatio
1188 3742 1238 3808 di-

101 3871 199 3918 versa
212 3855 262 3916 est
283 3847 324 3916 ab
347 3848 398 3930 iis,
424 3867 508 3930 quae
523 3847 616 3930 volgo
631 3843 816 3931 ooounnnss
843 3844 898 3910 vix
912 3843 997 3910 enim
1013 3845 1181 3927 quisquam
1196 3846 1238 3914 de

102 3974 158 4020 suo
175 3952 257 4018 haee
268 3951 402 4031 addidit,
422 3949 480 4018 sed
491 3949 533 4016 ad
546 3956 666 4016 sertum
678 3947 797 4014 iontem
810 3968 849 4014 ea
860 3947 1006 4014 redeunt.
1032 3945 1135 4030 Viam,
1153 3969 1237 4032 quae

102 4059 171 4123 sola
194 4061 295 4142 patet,
321 4056 360 4120 R.
387 4053 565 4120 Sohoellius
587 4072 644 4136 per
665 4050 859 4136 colloquium
882 4049 1041 4117 familiare
1062 4048 1232 4118 indicavit:

101 4161 252 4228 nimirum
275 4178 316 4225 ea
337 4158 437 4224 verba
460 4177 477 4224 e
499 4155 725 4222 Demosthenis
748 4154 909 4220 mantione
937 4153 1022 4220 mals
1044 4153 1087 4219 ad
1108 4155 1236 4221 Isaeum

102 4265 203 4330 reluta
229 4261 385 4350 originem
414 4260 583 4326 duxerunt.
630 4256 878 4324 Demosthenem
907 4255 1116 4343 philosophos
1143 4257 1237 4326 audi·

981 4375 1028 4429 13¹
