2998 4896
501 355 541 364 -
589 313 682 404 [aas]
731 354 771 364 -
1189 315 1209 380 o

76 513 152 578 ribus
174 513 288 598 (veluti
309 513 394 576 uixit
417 513 513 577 aureis
536 549 579 560 -
602 532 737 588 messea·
764 512 896 584 semino
919 512 1006 596 etc),
1033 512 1211 578 consentire

77 621 219 684 ridentur.
270 618 418 684 Ceterum
445 641 520 684 uum
548 620 741 702 comparatio
769 625 918 684 accurata
944 624 1040 701 atque
1066 618 1212 684 minimas
1312 675 1317 686 .

76 749 204 810 quasque
214 749 265 791 res
279 733 425 810 spectans
436 727 519 792 idem
528 727 710 809 profectura
719 726 762 790 sit
771 731 867 807 atque
877 727 908 788 in
919 725 1045 790 formali
1055 747 1211 808 gramma-

76 835 154 899 ticae'
170 841 270 918 parte,
294 833 494 898 vehementer
517 834 643 898 dubito:
667 833 699 896 iu
723 832 867 916 partibus
886 832 969 898 euim
988 835 1162 916 syntectica
1180 839 1213 898 et

78 940 290 1024 lexicographa
315 941 485 1006 secuudum
509 940 647 1004 indolem
672 939 844 1004 incolarum
864 940 998 1004 maiores
1016 940 1212 1006 differentias

80 1047 238 1130 aliquando
257 1048 443 1130 indagatum
464 1049 503 1110 iri
518 1047 659 1130 suspicor
674 1047 758 1112 inter
771 1046 967 1131 singularum
981 1047 1212 1128 provinciarum

81 1153 185 1219 titulos.
218 1154 391 1231 Quominus
410 1160 517 1218 autem
535 1175 605 1218 cnm
620 1153 828 1236 scriptoribus
839 1153 995 1218 Africanis
1005 1153 1031 1237 ¹)
1047 1155 1213 1219 titulorum

82 1269 247 1326 nostrornm
274 1260 534 1326 corisuetudinem
562 1267 742 1326 constanter
765 1259 954 1336 conferrem,
982 1259 1213 1342 prohibuerunt

82 1368 175 1431 studia
201 1389 270 1432 mea
297 1368 329 1430 iu
357 1366 419 1431 hac
446 1366 640 1451 philologiae
664 1373 753 1450 parte
776 1366 880 1430 adhuc
902 1387 1014 1449 parum
1037 1387 1211 1450 progressa.

159 1473 248 1540 Addo
276 1495 326 1538 me
353 1474 386 1538 in
414 1474 539 1556 syntaxi
567 1478 600 1536 et
628 1473 660 1536 in
683 1472 795 1537 ultima
816 1479 908 1555 parte
930 1472 1023 1536 huius
1047 1472 1157 1549 libelli,
1181 1475 1212 1538 in
1293 1485 1296 1490 '

83 1581 193 1660 quade
215 1581 344 1645 notione
368 1580 536 1645 verborum
558 1581 674 1662 agitur,
697 1577 824 1644 titulum
848 1579 922 1655 270,
948 1585 985 1642 ut
1007 1580 1062 1661 qui
1085 1586 1213 1646 senatus

85 1687 243 1751 consultum
267 1687 425 1762 exhibeat,
448 1687 597 1751 omisisse.
622 1723 663 1732 -

160 1791 344 1875 Priusquam
375 1793 542 1857 materiam
573 1792 674 1875 ipsam
705 1813 726 1856 a
757 1815 806 1857 me
839 1799 1019 1876 congestam
1046 1791 1213 1876 proferam,

85 1897 165 1962 liceat
190 1899 341 1964 nonnulla
367 1899 571 1982 praemittere
599 1900 638 1964 de
666 1898 767 1964 forma
795 1899 915 1964 indicis.
966 1899 1046 1964 Nam
1075 1921 1114 1962 ue
1141 1900 1212 1962 iuu-

84 2005 173 2084 genda
194 2027 382 2089 separarem,
411 2005 523 2071 iudicis
547 2005 657 2082 forma,
680 2028 743 2090 qua
766 2005 914 2089 Corporis
939 2006 1096 2071 volumina
1120 2011 1213 2070 utun-

83 2121 134 2188 tur,
155 2113 268 2196 quippe
292 2134 372 2196 quae
394 2135 420 2177 e.
438 2134 466 2196 g.
487 2113 519 2176 in
543 2112 665 2196 syntaxi
690 2113 766 2178 ferri
786 2114 916 2177 omnino
939 2113 1005 2178 fere
1024 2134 1086 2178 nou
1104 2113 1214 2195 possit,

83 2221 234 2302 repudiata
258 2220 401 2303 exempla
424 2221 470 2283 ita
493 2219 643 2304 disposui,
669 2225 706 2284 ut
728 2219 823 2302 paulo
847 2220 947 2302 magis
971 2242 1028 2303 par
1051 2221 1121 2302 pari
1144 2220 1214 2283 adi-

82 2347 183 2398 cerem;
210 2328 249 2392 de
277 2349 339 2411 qua
361 2347 396 2391 re
419 2325 599 2391 conferatur
622 2333 805 2409 conspectus
832 2328 866 2391 in
889 2326 973 2391 calce
996 2327 1089 2392 huius
1112 2326 1212 2392 libelli

81 2433 203 2498 additus.

157 2540 218 2605 Eos
228 2539 347 2616 titulos,
361 2561 440 2622 quos
449 2562 550 2623 nequo
563 2539 735 2604 Wilmanns
745 2540 813 2623 ipse
822 2562 923 2622 neque
934 2539 1060 2624 Euting,
1074 2539 1213 2616 Heuzen‚

82 2644 257 2724 Hirschfeld,
280 2646 440 2722 Huobner,
462 2647 645 2723 Mommsen,
662 2647 778 2712 Renier
796 2647 952 2723 viderunt,
976 2646 1136 2730 insignivi3
1156 2668 1213 2711 nec

84 2773 135 2814 uon
152 2753 284 2818 discrevi
304 2755 413 2818 titulos
433 2753 581 2836 privatos,
599 2753 751 2836 publicos,
771 2753 914 2829 sacrales,
933 2753 1128 2829 christianos,
1146 2773 1211 2816 me-

83 2858 177 2936 tricos3
199 2859 236 2924 cf.
251 2881 322 2944 pag.
341 2861 389 2926 10.
411 2899 448 2908 —
471 2859 507 2924 Id
527 2860 612 2942 quod
631 2860 789 2924 elaborari
809 2859 943 2925 fortasse
966 2861 1094 2924 maioris
1118 2860 1212 2942 pretii

82 2973 160 3042 esset,
178 2967 204 3030 si
223 2967 358 3050 saepius,
376 2988 470 3050 quam
485 2966 554 3042 foci,
574 2967 737 3030 titulorum
752 2987 882 3031 numero
897 2974 1042 3043 actitem,
1061 2965 1111 3030 cui
1126 2967 1212 3048 quis-

83 3093 133 3153 que
150 3079 229 3138 esset
243 3073 475 3149 attribuendus,
492 3073 698 3146 addidissem
716 3074 771 3138 sed
786 3074 968 3157 saepissime
984 3075 1079 3139 etiam
1094 3073 1212 3137 volenti

84 3177 133 3242 hoc
158 3182 281 3246 minime
310 3181 462 3257 succedit,
490 3201 572 3255 oum,
600 3181 653 3264 qui
681 3179 818 3263 lapidem
847 3182 913 3263 ipse
936 3201 998 3246 non
1023 3181 1145 3256 viderit,
1173 3181 1212 3244 de

84 3292 208 3370 tempore
230 3287 330 3364 tituli,
359 3289 385 3350 si
408 3287 550 3370 publicos
574 3281 729 3364 omiseris,
756 3288 807 3354 vix
831 3294 916 3352 certo
940 3289 1080 3352 iudicare
1103 3287 1211 3369 possit.

158 3392 194 3457 ln
216 3393 385 3459 afferendis
408 3395 617 3459 recentiorum
645 3395 807 3459 homiuum
835 3394 998 3460 doctorum
1022 3393 1111 3458 libris
1134 3394 1213 3458 satis

83 3496 167 3562 habui
184 3501 370 3585 praecipuos
388 3501 511 3577 citasse,
530 3501 562 3564 in
582 3501 695 3586 quibus
714 3509 835 3566 ceteros
854 3502 1037 3585 plerumque
1056 3501 1213 3565 inveneris

84 3603 225 3684 laudatos3
248 3610 281 3672 iu
304 3607 438 3672 flexione
457 3607 781 3685 euimsooabulorum
799 3609 893 3673 attuli
912 3609 995 3674 locos
1014 3608 1098 3685 libri,
1120 3629 1212 3691 quem

85 3709 158 3778 Neue
174 3715 412 3798 diligentissime
430 3714 564 3780 confecit
591 3716 624 3780 in
643 3716 767 3799 syntaxi
786 3721 912 3799 praeter
927 3715 1078 3800 Drangeri
1096 3715 1212 3780 librum

85 3816 225 3886 interdum
244 3821 426 3896 Roenschii3
449 3822 482 3885 in
505 3827 596 3904 parte
620 3823 842 3906 lexicographa
860 3822 899 3888 iis
916 3823 1114 3906 potissimum
1133 3821 1211 3886 lexi-

86 3923 130 3998 cis,
150 3949 223 4010 quae
246 3930 285 3994 de
305 3929 360 3994 vit
384 3935 416 3993 et
435 3927 575 4011 Georges
594 3937 843 4012 composuerunt,
866 3931 953 3994 nisus
972 3951 1049 3994 sum.
1073 3927 1120 3992 Ne
1139 3950 1212 3993 con-

88 4029 246 4099 tinuitatem
277 4036 473 4119 formamque
501 4035 614 4100 indicis
641 4036 792 4113 delerem,
824 4038 907 4101 locos
936 4036 1064 4101 aliunde
1086 4035 1212 4119 petitos

89 4191 229 4206 ----.-,,,,-
237 4203 250 4206 -
259 4203 276 4208 ,-

162 4284 234 4344 ¹lCl.
254 4301 277 4340 e.
297 4301 322 4353 g.
343 4283 371 4339 in
390 4289 471 4352 parte
490 4280 687 4353 lexicographa
706 4285 756 4338 sub
777 4285 888 4340 vocibus
907 4289 1067 4352 conspeteas,
1090 4283 1211 4338 naora-

89 4371 130 4436 llt,
146 4373 252 4444 odire,
271 4375 370 4443 molar,
390 4374 498 4444 iupiter,
515 4373 676 4444 perducere,
697 4391 861 4442 prosperare.
