3034 4896
587 241 801 302 ..53-

171 431 230 493 371
243 446 313 510 sqq.
335 435 492 510 postremo
515 421 858 514 predecessorumque
880 451 941 493 corr
965 438 1067 492 tomen
1091 451 1177 493 emere

336 531 450 616 quique
471 553 526 595 suo
546 553 659 615 ponere
681 531 764 596 inter
785 554 817 595 se
840 533 941 596 simile
963 555 1027 596 esse
1050 533 1177 610 uidebis,

336 633 413 718 quic
434 633 626 699 intercurrat
648 636 799 718 quaedam
820 635 972 699 ducentia
984 635 1130 721 formes),

127 737 237 815 Quare
260 736 356 802 etium
378 755 491 802 versus
516 737 589 800 336.
610 741 627 799 7
650 736 730 802 nihil
752 744 887 821 possunt
902 736 1083 821 significare
1099 737 1177 802 nisi:
1204 757 1266 799 reon

129 863 190 926 quo
210 839 298 904 laud
317 841 417 903 multo
438 839 557 904 similia
578 840 651 920 sint,
677 841 734 903 sed
755 840 829 925 quio
844 841 933 904 orello
948 863 998 904 res
1020 841 1117 904 alteri
1131 862 1266 923 prorsus

122 951 262 1026 parcet.
298 942 483 1022 Videamus,
502 961 584 1025 quae
600 943 760 1008 sententia
775 941 941 1024 efficiatur,
962 943 988 1008 si
1005 941 1088 1008 hunc
1106 943 1265 1008 notionem

127 1046 163 1110 in
186 1064 259 1110 eum
282 1065 375 1127 quem
400 1053 574 1110 tractamus
597 1045 700 1110 locum
716 1044 958 1110 transieramus.
999 1045 1122 1111 Dicitur
1137 1051 1263 1110 eutem:

129 1150 231 1214 multu
254 1148 413 1214 clemente
435 1147 545 1212 multis
573 1147 679 1214 verbis
708 1149 887 1214 communia
916 1149 1024 1227 vides,
1059 1168 1130 1213 curn
1154 1168 1266 1214 versus

129 1272 170 1317 ac
193 1251 292 1316 verbe
313 1269 445 1317 necesse
465 1250 507 1316 sit
529 1251 594 1316 aliu
615 1270 655 1317 ex
671 1251 744 1316 aliis
760 1251 927 1317 elementis
943 1261 1099 1331 constare,
1127 1271 1189 1316 non
1205 1272 1267 1334 quo

130 1374 257 1440 paucae
271 1353 397 1421 litterae
412 1373 597 1420 communes
612 1354 686 1434 siut,
702 1354 760 1420 sed
775 1354 851 1436 quia
863 1355 953 1419 nulla
969 1355 1098 1419 omnino
1113 1373 1162 1420 res
1175 1355 1267 1419 elteri

132 1477 265 1542 prorsus
288 1478 348 1543 pur
374 1464 434 1524 est.
481 1456 612 1523 Nullum
642 1457 740 1540 igitur
769 1457 913 1536 verbum,
934 1453 1010 1524 'nec
1041 1457 1126 1524 ullus
1156 1477 1267 1523 versus

131 1561 227 1626 alteri
249 1579 379 1645 prorsus
402 1580 461 1645 pur
483 1567 543 1625 est.
591 1561 634 1626 At
663 1560 761 1626 verbu
789 1558 902 1626 eedem
933 1560 1036 1626 formu
1063 1561 1169 1644 posite
1198 1561 1268 1626 sine

130 1664 230 1729 dubio
253 1663 337 1728 inter
358 1683 393 1730 se
414 1663 506 1748 perio
528 1672 618 1728 sunt:
646 1681 758 1729 versus
782 1670 888 1729 sutem
911 1663 944 1728 in
960 1663 1099 1730 Lucretii
1116 1663 1269 1730 carmini-

132 1768 195 1834 bus
217 1767 351 1832 iteratos
372 1765 510 1832 inveniri
525 1765 731 1850 interpolator
747 1765 830 1831 inter
845 1785 954 1832 omnes
970 1765 1148 1834 scitissime
1164 1766 1267 1832 scirit.

134 1871 282 1954 Denique
304 1889 429 1935 summa
450 1868 563 1934 horum
586 1888 733 1936 versuum
762 1870 812 1952 (Π,
840 1871 998 1953 688-99)
1026 1869 1108 1936 t'ulsu
1131 1878 1211 1936 eet:.

266 1977 329 2038 698
505 1981 541 2036 ut
562 1974 671 2037 merito
694 1995 732 2036 eu·
754 1973 828 2036 aliis
849 1983 991 2038 constare
1003 1976 1140 2059 feretur·
1223 1973 1227 1979 “

343 2076 511 2140 humanum
532 2098 630 2161 penus
652 2085 682 2139 et
693 2077 814 2161 scupes
835 2077 1024 2161 arbustaque
1046 2077 1141 2140 iaetu.

135 2183 218 2246 Nam
243 2181 383 2245 hnmano
406 2180 517 2263 generi
539 2187 572 2246 et
594 2179 740 2262 frugibus
762 2179 919 2261 quaedum
943 2181 1067 2246 semina
1088 2187 1161 2246 sunt
1184 2201 1272 2246 com-

133 2284 256 2362 munia,
282 2288 317 2347 ut
338 2281 401 2348 dici
425 2289 573 2364 nequeat,
599 2283 658 2348 hue
682 2281 755 2347 eliis
778 2283 851 2348 eliis
874 2282 1019 2350 homines
1042 2290 1200 2349 constare.

223 2385 310 2468 Ergo
339 2384 392 2450 hic
420 2403 544 2468 quoquc
571 2385 659 2449 locus
687 2384 900 2469 interpolatus
923 2393 981 2462 cst,
1015 2385 1077 2452 nisi
1100 2386 1203 2467 fallor,
1231 2387 1272 2450 ub

132 2488 259 2566 eodem,
286 2487 340 2569 qui
364 2506 476 2553 versus
502 2489 669 2552 1013-22
692 2487 835 2554 inscruit.
882 2489 932 2554 Ab
962 2488 1075 2554 eodem
1098 2490 1273 2574 interpola-

134 2601 204 2658 tore
233 2590 389 2674 originem
419 2589 550 2656 duxiese
573 2592 737 2655 718-29
761 2611 799 2656 eo
822 2590 900 2656 mihi
922 2591 958 2656 lit
979 2591 1162 2670 verisimile,
1188 2590 1273 2674 quod

132 2695 179 2760 ibi
204 2693 307 2759 eidem
328 2693 375 2757 illi
399 2711 510 2758 versus
533 2699 661 2759 exstant
688 2693 738 2776 (11,
766 2695 839 2758 336.
859 2696 886 2776 7)

226 2799 288 2860 723
311 2819 372 2860 non
395 2819 456 2880 quo
479 2797 579 2859 mulla
596 2817 714 2878 purum
736 2796 834 2860 simili
853 2796 917 2860 siut
933 2797 1084 2880 praedito
1096 2797 1223 2882 formo,

311 2899 368 2962 sed
388 2898 461 2982 qm'o
483 2919 545 2962 uon
567 2899 657 2981 volpe
675 2899 772 2982 peria
795 2899 935 2962 omnibus
957 2899 1060 2962 omnio
1083 2908 1232 2962 corrotent.

136 3000 204 3068 Sed
226 3007 325 3066 entes
347 2999 435 3085 ipsos
457 3000 517 3066 hos
539 3019 652 3066 verens
681 3001 807 3085 spurios
835 3021 907 3068 esse
930 3001 1146 3066 demonstrare
1168 3000 1273 3068 decet.

135 3104 243 3185 Atque
265 3103 307 3168 ub
330 3102 419 3168 initio
441 3102 491 3168 illi
512 3109 577 3170 tres
600 3123 713 3169 versus
727 3149 729 3156 ·
742 3103 792 3187 (II,
820 3105 978 3184 ὨΟ-Ἠ)

243 3227 317 3269 nom
339 3206 389 3270 uei
407 3206 458 3269 uti
470 3209 545 3270 'toto
565 3215 682 3270 cetero
704 3205 871 3270 dissimiles
893 3215 966 3270 curet

242 3309 326 3372 inter
348 3329 380 3371 sc
400 3309 525 3393 percitae
546 3331 596 3372 res
619 3331 774 3394 quaeque,
800 3309 846 3373 itu
868 3331 1020 3394 quamque
1042 3307 1193 3374 necessest

241 3409 393 3475 dissimili
413 3420 558 3475 constare
566 3411 681 3496 figura
698 3410 932 3494 principiorum

138 3513 336 3580 dissentiunt
357 3513 398 3578 ub
420 3532 468 3596 eo,
495 3513 580 3596 quod
602 3514 769 3580 Lucretius
792 3515 825 3579 in
844 3514 991 3581 versibus
1014 3518 1070 3580 581
1085 3519 1195 3582 -687
1221 3537 1277 3583 ex-

139 3617 259 3702 posuit,
286 3614 366 3681 nihil
389 3635 472 3696 esse,
498 3615 586 3698 quod
601 3636 642 3682 cx
656 3636 718 3682 nno
741 3637 859 3700 genere
873 3618 1102 3702 principiorum
1118 3628 1280 3686 constaret

140 3739 247 3802 neque
270 3717 451 3802 quicquam,
478 3719 563 3800 quod
581 3739 646 3784 non
668 3721 825 3803 permixto
841 3720 963 3786 semine
978 3729 1150 3788 constaret.
1187 3723 1279 3800 Quod

138 3823 167 3888 si
190 3822 360 3907 probatum
376 3828 454 3902 erut,
480 3821 514 3885 iel
533 3821 618 3906 quod
641 3822 786 3888 versibus
811 3825 949 3887 'lto-2
966 3824 1136 3907 colligitur,
1163 3845 1278 3906 quum-

139 3945 203 4007 que
233 3943 301 3989 rem
330 3921 478 3988 dissimili
501 3922 606 4006 ligure
633 3925 861 4009 principiorum
884 3933 1047 4006 constare,
1075 3926 1191 3991 laisum
1215 3935 1274 4008 est,

139 4027 292 4110 quonism
322 4024 407 4092 duae
436 4045 488 4092 res
521 4027 635 4112 purtim
664 4027 792 4109 quidem
823 4047 864 4094 en
898 4027 1018 4094 eisdem
1051 4028 1278 4113 principiorum

139 4132 316 4214 generibus
332 4136 478 4196 constare
494 4138 638 4215 possunt.
681 4131 792 4213 Neque
807 4130 851 4212 id,
878 4130 963 4214 qnod
978 4130 1012 4196 in
1029 4125 1132 4216 priore
1148 4151 1280 4217 compu-
