2998 4896
495 405 537 414 -
585 367 679 452 [ειν]
727 407 768 415 -

67 565 207 636 κοῦντας
232 551 252 645 ἢ
281 550 413 643 ἄρτους,
441 562 497 625 καὶ
525 559 596 627 ἐπι-

67 660 203 731 πάσσειν
221 657 299 731 τινὰ
322 659 596 755 καρυκεύματαῆ

69 760 200 858 ἁλμυρά.
231 773 297 838 καὶ
320 771 362 838 ἐκ
384 767 532 840 τούτου
554 767 596 861 ἠ-

69 873 595 963 ναγκάζοντοπίνεινπολλά.
635 842 639 986 i
677 893 785 948 πιεῖν
811 879 950 948 πολλά.

154 985 209 1052 His
232 1007 389 1072 opponam
412 987 533 1056 scholia
554 1011 592 1054 ea
615 1011 695 1075 quae
719 989 813 1056 adh.
837 991 857 1054 l.
881 991 1030 1074 leguntur

236 1095 270 1157 in
298 1093 343 1159 V⁰
356 1096 420 1159 6⁰:
635 1110 638 1179 ξ
882 1097 913 1160 in
937 1097 1002 1162 R⁰:

72 1191 108 1264 τὰ
149 1197 446 1286 ε’πιπασσόμενα
492 1197 597 1268 ἔτνει
678 1198 720 1268 τά
753 1199 1052 1288 ἐπιπασσόμενα
1083 1203 1211 1288 μέλιτι

57 1299 217 1393 ’ἄλευρα
247 1303 362 1386 ἔτνος
385 1308 431 1392 δὲ,
449 1299 492 1396 ἢν
510 1303 595 1377 άθά-
679 1305 832 1394 ἄλευρα.

73 1437 130 1498 ραν
153 1410 275 1499 ἔλεγον.
317 1417 374 1480 καὶ
397 1407 438 1482 τὸ
460 1419 596 1482 πίσινον
636 1424 639 1497 l

74 1517 182 1608 λ’φιγμα.
222 1512 265 1584 τὰ
289 1521 325 1586 δὲ
349 1515 473 1606 ἄλφιτα
498 1524 597 1611 dano·
637 1600 639 1615 Ι

9 1707 10 1712 ¹
75 1629 122 1714 σλρ
156 1622 387 1712 πιπράσκεται.
444 1625 524 1708 ἔθος
561 1631 596 1697 δὲ
637 1636 639 1655 “
838 1611 962 1696 sssliqua
984 1631 1047 1676 ¹¹⁰⁰

9 1783 10 1804 ,
76 1728 156 1818 εἶχον
186 1747 298 1800 ποιεῖν
330 1740 545 1815 πλακοῦντας
577 1729 597 1824 ἢ
797 1721 947 1804 leguntur
969 1717 1002 1783 in
1025 1717 1087 1784 Ψ·

9 1835 10 1838 '
76 1833 189 1922 ἄρτους
210 1842 268 1906 καὶ
296 1836 495 1922 tamarum
521 1835 597 1910 τινά

9 1955 10 1958 ’
78 1943 300 2032 καροιιεύματιι
323 1940 462 2035 ἁλμυρά.
637 1888 639 2034 i

9 2127 10 2132 γ
155 2053 291 2120 Zonaras
323 2056 420 2140 igitur
452 2057 513 2123 hoo
543 2055 696 2122 scholium
719 2063 752 2121 et
784 2057 894 2123 oodoni
931 2055 1025 2120 modo
1057 2057 1213 2132 uitiatum,

9 2211 10 2252 3
78 2159 185 2226 soilioot
215 2162 353 2228 admisso
386 2159 514 2248 σώματι
545 2185 604 2248 pro
635 2162 741 2248 μέλιτι
771 2201 811 2210 -
840 2165 873 2228 in
904 2163 947 2229 V⁰
970 2165 1015 2227 6⁰
1038 2163 1101 2228 alio
1133 2161 1213 2227 nitio

9 2261 11 2306 Ῑ
79 2261 154 2331 ἔτνει
175 2289 212 2333 ax
234 2269 343 2334 uerbis
364 2270 568 2354 soquentibus
587 2270 716 2353 irrepsit
741 2307 781 2317 -
805 2274 838 2334 et
858 2267 968 2334 aodom
987 2269 1080 2334 modo
1098 2267 1132 2332 in
1150 2265 1213 2332 fine

80 2379 192 2438 anctum
216 2375 318 2441 tradit
345 2381 440 2461 atque
464 2377 591 2454 Snidas3
623 2378 687 2442 iam
713 2397 785 2442 oum
811 2375 913 2461 magis
939 2375 1088 2441 uitiatam
1115 2375 1213 2458 scrip·

81 2485 171 2544 turam
201 2479 473 2567 ἰπιπλασσόμενα
505 2484 648 2549 codicum
679 2481 736 2546 AV
764 2481 881 2548 Suidae
917 2481 1056 2549 Zonaras
1089 2503 1213 2568 quoquo

81 2584 295 2666 subministret,
322 2596 455 2674 apparat
483 2611 520 2654 ex
547 2589 654 2656 oodioa
679 2587 787 2673 aliquo
810 2588 950 2654 Snidano
974 2589 1031 2655 AV
1054 2585 1213 2654 simillimo

82 2691 205 2760 Zonaras
228 2697 406 2760 doctrinam
428 2693 565 2762 finxisse.

158 2801 246 2868 Addo
273 2803 450 2887 oompluros
472 2803 625 2888 Equitum
648 2803 745 2878 locos,
774 2800 889 2887 quibus
917 2802 958 2867 ad
987 2801 1119 2867 uerbum
1146 2799 1212 2864 fera

84 2903 203 2974 Zonaras
220 2930 292 2974 oum
310 2907 409 2976 Suida
431 2910 602 2988 consentit,
625 2908 769 2992 quamuis
795 2910 826 2973 in
848 2907 975 2974 scholiis
990 2905 1213 2988 Aristophanis

83 3013 177 3078 aden
197 3015 248 3082 uol
272 3015 389 3080 similia
410 3037 474 3082 non
497 3019 614 3092 extent,
637 3014 737 3082 uoluti
759 3015 802 3080 ad
824 3013 930 3100 Equit.
954 3035 981 3078 v.
1004 3013 1081 3079 105:

311 3120 352 3188 S:
803 3121 942 3187 Zonaras
965 3120 980 3184 1
1004 3119 1083 3185 606:

84 3217 597 3314 Ἑγκάναξον·ἔνσεισον,προσ-
679 3221 882 3312 Ἐγκανάξαι.
937 3225 1125 3304 ἐνσεῖσαι,
1163 3223 1212 3308 ἐγ-

86 3329 195 3416 ἐνιγκι,
222 3331 350 3420 ἔγχεον,
382 3325 598 3421 πεποίηται
676 3333 757 3418 χέαι.
804 3333 1018 3419 πεποίηται
1043 3323 1212 3418 ottal-

87 3429 117 3499 δὲ
142 3432 159 3525 ἡ
184 3442 292 3524 λέξις.
348 3434 597 3528 Ἀριστοφάνης·
680 3446 744 3522 ξις.
777 3432 1027 3525 Ἀριστοφάνης·
1054 3431 1120 3504 Ἴθι
1149 3444 1212 3502 νῦν

91 3535 146 3609 Ἴθι
167 3556 225 3612 νῦν
245 3543 394 3634 ἄκρατον
413 3544 598 3632 ἐγκάναξόν
680 3539 829 3632 ἄκρατον
854 3541 1040 3630 ἐγκάναξόν
1067 3568 1124 3628 μοι
1151 3566 1213 3610 πο-

87 3671 130 3728 μοι
146 3651 258 3720 πολύν.
298 3651 467 3731 ἕλκυσον
487 3651 599 3739 ἐκρό-
680 3649 750 3718 λύν.
781 3649 952 3718 ἕλκυσον
972 3648 1214 3739 ε’κρόφησον,

88 3777 208 3841 aanor,
232 3756 353 3826 ἔκπιε.
680 3756 800 3825 ἔκπιε.

160 3867 204 3933 Ad
233 3891 259 3933 v.
286 3867 350 3932 152
377 3889 398 3932 a
420 3865 519 3934 Suida
547 3871 579 3931 at
606 3889 626 3932 a
653 3867 904 3932 Zonara1683
929 3866 962 3928 in
989 3863 1051 3930 fine
1078 3864 1212 3930 adnota-

90 3965 166 4036 tionis
186 3973 226 4039 ad
249 3974 469 4058 explicandam
491 3995 602 4039 nocem
625 3965 716 4051 ἐλεὸς
742 3974 888 4038 additum
916 3978 977 4038 ost:
1001 4022 1008 4036 .
1029 4023 1035 4036 .
1057 3967 1153 4042 ..ἔστι
1178 3968 1213 4034 δὲ

91 4067 163 4153 ἕλεος
182 4080 237 4144 καὶ
261 4075 350 4158 εἶδος
373 4071 503 4165 ὀρνέου.

161 4184 206 4250 Ad
224 4207 252 4251 v.
274 4187 338 4252 182
356 4209 376 4252 a
394 4185 493 4253 Suida
515 4207 537 4252 s.
557 4186 597 4270 gl.
625 4178 718 4267 Ἀξιῶ
737 4190 770 4250 ot
788 4207 808 4250 a
825 4186 947 4250 Zonara
966 4183 981 4247 1
1001 4185 1066 4251 230
1089 4189 1215 4268 praeter

92 4285 220 4356 scholium
238 4289 381 4359 nodioum
399 4293 702 4378 Aristophanaorum
720 4291 800 4358 haao
821 4291 1006 4356 traduntur:
1031 4288 1214 4376 σημαίνει

93 4389 120 4454 δὲ
139 4399 197 4462 καὶ
220 4391 262 4462 τὸ
287 4396 461 4465 ἱκετεύω.
