2998 4896
251 345 293 410 es
670 381 710 390 -
759 342 854 426 [νιν]
902 379 943 388 -

498 538 533 604 S:
549 581 559 602 .
1100 535 1170 601 VO:

253 645 288 712 δὲ
307 641 602 729 φιλοστίφανός
621 661 657 710 σε
676 641 784 732 φιλή-
867 639 1062 726 στέφανός
1080 659 1115 709 σε
1130 638 1293 730 νικήσει.
1313 641 1401 726 λέγει

253 771 306 836 οη.
317 753 344 840 ¹)
393 752 479 837 λέγει
517 753 552 818 dl
590 742 694 817 αὐτὸν
731 774 785 816 το-
867 751 902 816 δὲ
927 742 1031 816 αὐτὸν
1050 758 1198 816 τοσαῦτα
1216 744 1402 835 νικήσαντα
1485 810 1486 840 γ

129 893 133 901 ·
253 867 359 925 σαῦτα
401 856 585 945 νικήσαντα
626 856 785 944 μηδέπω
865 857 1062 945 μηδέποτε
1085 862 1291 944 τετιμῆσθαι.

252 971 457 1054 τετιμῆσθαι.
824 963 827 1071 J

342 1091 410 1170 Quo
437 1091 470 1155 in
494 1089 615 1156 Cratini
642 1091 773 1178 uersu2)
797 1088 979 1156 Dindorfius
1005 1085 1127 1175 φιλήσῃ
1151 1110 1190 1154 ex
1213 1087 1310 1154 Snida
1332 1109 1404 1154 eor-

252 1201 344 1276 rexit,
365 1194 587 1285 μηδεπώποτε
611 1204 717 1263 autem
741 1197 873 1262 fortasse
897 1197 1098 1262 scribendum
1120 1217 1187 1261 esse
1206 1218 1244 1262 ex
1262 1194 1404 1282 μηδέπω
1486 1276 1487 1284 ¹

253 1305 370 1371 Suidae
394 1313 425 1370 et
448 1304 613 1392 μηδέποτε
641 1303 717 1369 ίΓῖθῑ
736 1305 901 1388 seripturis
920 1303 1105 1369 Duebnerus
1124 1303 1265 1368 coniecit.

344 1413 393 1476 Ad
425 1436 451 1478 v.
482 1414 545 1478 826
579 1437 617 1478 ex
649 1413 766 1478 Suidae
798 1435 820 1477 s.
849 1413 889 1495 gl.
922 1415 1151 1476 Μυστιλλᾶται
1182 1411 1406 1476 adnotatione:

255 1511 356 1596 Ἰδίοις
384 1519 419 1584 δὲ
447 1521 587 1606 μυστίλη
620 1520 748 1604 λέγεται
777 1511 795 1584 d
824 1513 924 1605 ἄρτος
952 1510 971 1583 ὁ
1000 1531 1070 1595 τοῖς
1094 1519 1170 1583 κυσὶ
1196 1513 1406 1602 βαλλόμενος

255 1627 397 1693 codicum
416 1625 474 1691 Va
491 1628 673 1710 μυστίλλον
691 1649 711 1692 a
729 1625 897 1691 Duebnero
917 1627 950 1690 in
968 1627 1130 1712 μυστίλην
1150 1632 1324 1690 correctum
1346 1633 1405 1690 est.

345 1735 395 1799 Ad
418 1756 444 1799 v.
465 1735 528 1800 857
553 1756 610 1817 pro
634 1735 777 1799 codicum
803 1733 860 1798 Va
882 1733 990 1799 uerbis
1014 1725 1056 1798 δι’
1080 1723 1131 1798 ὦν
1155 1731 1351 1812 εἰσέβαλλον
1372 1729 1405 1797 oi

255 1841 409 1924 πολέμιοι
429 1840 543 1906 Suidas
567 1843 671 1907 nescio
694 1864 734 1905 an
759 1841 875 1907 rectius
899 1839 1119 1907 subministret
1143 1831 1185 1905 δι’
1205 1829 1254 1904 ὧν
1274 1835 1405 1920 εἰσβάλ-

256 1952 374 2014 λουσιν
398 1947 444 2026 είς
466 1939 528 2034 τήν
551 1948 723 2032 πολεμίαν.

345 2055 425 2120 Item
454 2077 476 2120 s.
500 2055 540 2138 gl,
573 2050 715 2132 Φαεινός
742 2056 784 2120 ad
811 2079 838 2120 v.
864 2055 949 2121 1256
979 2055 1096 2120 Suidae
1124 2055 1223 2120 uerba
1250 2047 1407 2139 φανερὰ

255 2169 385 2228 ποιῶν
405 2154 445 2227 τὰ
468 2159 645 2248 πράγματα
669 2169 701 2228 et
723 2155 743 2248 ἢ
768 2154 1011 2245 ἀποφαίνειν
1035 2152 1056 2228 ὅ
1079 2159 1149 2228 ἐστι
1173 2177 1407 2244 συκοφαντεῖν

256 2270 464 2355 praeferenda
490 2270 638 2336 uidentur
667 2270 809 2335 ecdicum
834 2270 893 2334 Va
917 2272 1091 2353 scripturae
1116 2276 1407 2355 φανερσποιῶι·

256 2368 298 2441 τὰ
325 2372 501 2462 πράγματα
529 2382 562 2441 et
583 2369 604 2464 ή
629 2369 706 2442 α’πό
731 2383 801 2442 τοῦ
826 2377 1000 2458 φαίνειν,
1030 2366 1050 2442 d
1073 2375 1142 2442 ἐστι
1166 2389 1406 2457 συκοφαντεῖν.

345 2485 394 2548 Ad
426 2505 453 2549 v.
490 2483 574 2548 1293
607 2479 761 2570 σιτοβὺης
793 2482 974 2549 Dindorfius
1007 2484 1144 2549 correxit
1176 2505 1214 2548 ex
1247 2478 1407 2569 σιτσύνης

258 2596 387 2655 anctore
409 2589 509 2655 Suida
532 2613 554 2656 s.
578 2591 618 2674 gl
641 2586 763 2677 Σιπύη.

784 2879 804 2958 ὅ
828 2876 879 2942 30.

347 3035 473 3113 Restat,
500 3043 538 3102 ut
566 3057 618 3102 eos
646 3036 803 3119 proferam
832 3036 948 3102 Suidae
975 3036 1072 3113 locos,
1100 3037 1214 3120 quibus
1241 3057 1325 3102 noua
1353 3037 1407 3102 uel

258 3143 401 3208 auctiora
424 3143 544 3209 scholia
566 3143 779 3220 inueniuntur,
801 3165 881 3227 quae
904 3165 967 3209 non
991 3144 1075 3226 ipsas
1094 3143 1214 3226 glossas
1234 3164 1408 3228 earumque

260 3250 484 3333 explicationes
507 3251 764 3333 complectantur,
787 3253 842 3316 sed
865 3259 922 3316 aut
944 3250 986 3315 ad
1004 3250 1104 3334 ipsam
1122 3250 1310 3316 histrionum
1330 3251 1408 3315 cho·

259 3356 349 3439 rique
380 3359 535 3422 actionem
567 3360 748 3440 pertineant
780 3364 836 3423 aut
867 3358 901 3422 in
933 3357 1128 3440 explicandis
1159 3339 1407 3442 antiquitatibus

260 3463 376 3531 Atticis
398 3469 454 3527 aut
477 3464 509 3526 in
529 3452 638 3556 ,rebus
651 3464 863 3549 biographieis
887 3471 943 3529 aut
966 3463 1119 3529 similibus
1143 3471 1319 3530 uersentur.

350 3567 463 3653 Itaque
482 3571 654 3636 auctiorem
674 3572 785 3637 scholii
804 3573 937 3636 sormam
956 3571 1175 3638 subministrat
1189 3569 1303 3636 Suidas
1322 3593 1345 3637 s.
1365 3573 1406 3655 gl.

260 3665 437 3764 Σιβυλλιᾷς
466 3677 615 3742 exhibitis
643 3679 725 3742 enim
750 3679 794 3743 eis
821 3678 944 3762 glossae
967 3678 1240 3762 explicationibus,
1268 3700 1350 3762 quae
1374 3687 1405 3743 et

260 3783 347 3868 ipsae
374 3781 407 3847 in
435 3784 594 3849 codicibus
618 3784 858 3868 Aristophaneis
886 3793 1077 3868 comparent,
1104 3793 1176 3870 post
1202 3808 1328 3852 uersum
1358 3787 1405 3871 ip-

261 3911 329 3955 sum
357 3891 397 3954 61
428 3891 506 3955 haec
533 3892 636 3956 addit:
668 3885 689 3978 ή
712 3883 833 3970 οὕτως·
860 3895 1057 3979 χρησμῳδεῖ,
1085 3895 1198 3980 φησίν,
1225 3889 1405 3980 ἐπειδήπερ

264 3987 325 4082 τήν
348 3999 561 4082 προθεσμίαν
584 4006 641 4086 τῆς
665 3997 857 4084 ἐπαγγελίας
881 3992 944 4065 οὐκ
972 3996 1151 4084 ἐψεύσατο,
1179 3991 1250 4065 ἀλλ’
1274 3997 1311 4064 ἐν
1335 4015 1407 4078 ταῖς

263 4103 389 4169 εἴκοσιν
413 4095 560 4190 ἡμέραις,
589 4094 627 4181 ἃς
656 4104 885 4191 ἐπηγγείλατο,
918 4099 996 4183 τοὺς
1024 4107 1310 4193 Λακεδαιμονίους
1338 4105 1406 4192 αίχ-

335 4309 354 4370 ¹t
373 4301 486 4376 φιλήσει
506 4309 562 4362 VB.
982 4341 988 4352 ·

334 4396 354 4449 *l
374 4396 407 4450 cs.
428 4395 559 4452 Mainake
579 4396 674 4467 fragm.
695 4399 794 4453 Comie.
816 4399 828 4453 l
847 4415 892 4469 pg.
911 4401 971 4454 222.
