3034 4896
572 297 787 356 ..55-

112 482 249 564 canalis,
274 483 363 549 velut
381 484 415 548 in
429 502 467 549 eo
482 484 562 567 loco,
588 483 674 550 unde
694 483 747 550 hic
770 484 981 568 transcriptus
1002 494 1068 552 est:
1094 487 1148 564 IV,
1168 489 1246 564 650;

110 583 231 652 deiude
247 584 315 650 urae
330 587 507 651 oculorum:
531 587 586 670 IV,
606 588 680 650 344.
700 589 777 661 3513
793 587 888 673 sarrs
901 587 986 652 uiue:
1003 589 1058 670 VI,
1078 592 1151 655 983.
1170 596 1246 658 996.

115 692 210 770 1050,
235 697 292 755 aut
313 689 474 774 significat
495 688 530 754 id
552 689 707 774 spatium,
740 709 802 782 quo
830 689 908 774 quid
930 689 1060 775 feratur,
1090 693 1249 762 interdum

111 792 211 858 etiam
239 792 469 859 coniectionem
499 793 584 859 eius:
619 792 682 858 sol‘
724 794 876 878 lunaeque
906 794 1047 873 ciorum,
1083 797 1122 878 V,
1152 801 1246 864 1206.

111 896 255 962 Priorem
276 895 366 962 illam
388 895 655 980 significationem
676 896 711 962 in
732 896 873 962 Lucretii
903 896 1076 982 primordia
1105 921 1168 967 non
1191 923 1251 969 ea-

112 999 189 1065 dere
212 1019 304 1066 nemo
331 999 451 1080 nescit,
484 999 634 1082 quoniam
664 998 705 1066 de
733 998 895 1067 soliditate
924 1020 1032 1066 eorum
1063 1005 1165 1070 multu
1192 1027 1251 1072 ex-

113 1101 223 1186 posuit
244 1107 349 1187 poeta.
392 1103 505 1185 Neque
527 1101 630 1168 altera
651 1101 885 1186 significatione
906 1121 1017 1170 vocem
1040 1105 1091 1170 uriz
1112 1109 1248 1192 positam

111 1224 186 1272 esse
201 1205 230 1271 si
245 1224 420 1282 sumamus,
441 1204 610 1289 quicquam
632 1205 826 1291 proficiatur.
867 1206 951 1272 Nom
970 1226 1041 1273 cum
1059 1209 1167 1277 omnia
1181 1213 1250 1298 pri-

109 1308 238 1396 mordia
259 1309 293 1374 iu
316 1308 428 1376 eodem
451 1308 540 1374 innui
562 1315 759 1388 moveantur,
785 1309 814 1374 si
836 1307 1037 1377 differentiae
1052 1311 1250 1397 singulorum

113 1419 351 1492 enumerantur,
376 1411 410 1478 id
432 1418 556 1478 tentum
579 1411 694 1496 agitur,
728 1431 894 1494 quousque
922 1419 955 1478 et
977 1415 1085 1497 qualia
1106 1424 1248 1485 motuum

113 1535 234 1598 genera
255 1521 451 1582 moveantur.
471 1592 477 1606 ⁸
499 1514 538 1580 Id
559 1522 666 1581 entem
688 1515 785 1580 verbo
808 1521 910 1578 mutto
931 1515 965 1580 iu
988 1522 1133 1599 sequenti
1155 1541 1250 1588 versu

114 1619 195 1684 sutis
218 1638 405 1704 expressum
428 1625 489 1684 est.
536 1619 708 1685 Praeterea
730 1615 771 1683 de
792 1617 930 1684 motibus
952 1618 1194 1704 primordiorum
1216 1625 1251 1691 in

113 1727 180 1787 toto
202 1721 264 1788 hoc
283 1721 366 1787 libro
391 1740 550 1805 nusquam
571 1721 762 1787 vccabulum
781 1719 833 1785 criu
854 1728 1041 1806 usurpatum
1063 1732 1123 1790 est.
1164 1725 1251 1792 Satis

114 1823 421 1907 multaeigitursunt
429 1841 555 1906 censue,
568 1844 625 1890 our
631 1823 674 1890 ad
681 1823 878 1889 enuntiatum
886 1823 1019 1910 dfferre
1026 1837 1246 1896 necessitatem.

113 1945 177 1992 non
192 1925 377 2010 genetivum
386 1925 635 2010 primordiorum
650 1925 868 2011 suppleamus.
904 1930 1024 1992 Rerum
1039 1937 1145 1996 autem
1161 1932 1251 2017 eogi-

112 2028 213 2096 tando
234 2029 354 2096 addere
376 2029 508 2097 difficile
531 2037 591 2112 est,
617 2029 692 2114 quia
710 2028 902 2114 significatio
923 2053 974 2095 rea
996 2032 1076 2099 satis
1098 2034 1194 2118 longe
1209 2037 1252 2103 ab

113 2133 176 2198 hoc
199 2151 296 2198 versu
317 2134 420 2200 abest.
467 2132 593 2200 Deinde
617 2133 644 2198 si
667 2153 772 2198 rerum
793 2131 951 2216 addimus,
979 2133 1048 2200 uiue
1063 2134 1149 2203 idem
1164 2139 1251 2206 valet

115 2243 212 2317 atquc
234 2235 468 2301 intervalla-
490 2255 565 2301 nam
587 2234 629 2300 de
652 2235 789 2301 motibus
811 2255 916 2302 rerum
938 2237 1026 2303 nullo
1049 2238 1143 2305 modo
1161 2242 1251 2326 cogi-

114 2337 175 2402 tari
198 2344 306 2422 potest
322 2361 379 2416 -;
406 2336 539 2404 offendit
560 2345 685 2421 autem,
711 2336 813 2420 quod,
840 2357 912 2403 cunr
934 2339 1028 2423 plura
1049 2342 1149 2408 verbu
1170 2363 1251 2409 enu-

114 2447 288 2516 merentur,
312 2441 427 2523 quibus
450 2441 586 2524 singulis
609 2440 756 2524 singulus
778 2440 924 2508 notiones
944 2441 1146 2526 significatae
1161 2456 1248 2525 sunt,

113 2542 177 2608 duo
200 2542 258 2608 illa
279 2543 368 2608 nulia
389 2544 549 2628 particula
569 2543 653 2610 iuter
674 2562 709 2609 se
724 2541 894 2610 coniuncta
907 2542 993 2611 idern
1008 2547 1128 2614 valent.
1168 2550 1250 2615 Tum

114 2647 168 2710 vix
191 2645 295 2729 possit
316 2645 542 2725 demonstrari,
567 2667 639 2714 enm
663 2645 786 2712 semina
807 2646 943 2729 distent,
976 2667 1079 2715 rernm
1108 2650 1253 2734 pondere

113 2749 245 2815 differre
267 2767 400 2816 neeesse
422 2769 506 2816 esse.
552 2748 637 2828 Quid
659 2749 744 2815 enim
767 2768 884 2817 causae
910 2750 971 2829 sit,
1002 2769 1058 2818 cnr
1087 2753 1171 2820 duae
1199 2775 1251 2823 res

113 2852 166 2918 rel
188 2871 230 2918 ex
253 2850 389 2918 diversis
411 2852 655 2937 primordiorum
682 2853 853 2937 generibus
884 2854 1079 2938 compositae
1109 2857 1193 2924 inter
1215 2879 1251 2926 se

114 2954 257 3039 pondere
278 2973 373 3039 peres
395 2974 469 3022 esse
497 2954 721 3041 nonpossint,
753 2956 781 3022 si
809 2976 867 3041 pro
890 2957 1047 3024 seminum
1070 2959 1253 3030 differentia

113 3056 302 3141 magnitudo
324 3077 433 3124 eorum
455 3057 498 3123 sit
520 3057 670 3125 diversas
706 3058 789 3124 Nam
812 3059 955 3144 etiamsi,
981 3068 1016 3127 ut
1039 3069 1113 3128 sunt
1135 3063 1247 3149 librae,

113 3179 198 3244 quae
221 3160 370 3226 munibus
392 3161 511 3226 nostris
534 3159 710 3228 fabricatae
733 3168 817 3238 sunt,
844 3163 987 3245 vitiosae,
1013 3164 1067 3230 vix
1083 3165 1250 3250 quisquam

113 3263 155 3328 ad
179 3263 293 3343 hilum,
319 3270 354 3329 ut
373 3263 497 3330 ratione
513 3266 703 3349 postulatur,
727 3285 779 3332 res
794 3265 846 3332 vel
862 3266 1067 3333 diminuendo
1083 3270 1133 3335 vel
1149 3272 1250 3338 sueti

114 3365 242 3433 ficando
264 3386 394 3451 prorsus
417 3375 585 3450 exaequet,
611 3373 718 3434 tcmmu
741 3376 916 3435 natureae
939 3388 1016 3435 casu
1039 3367 1102 3437 dno
1117 3391 1252 3459 corpora

114 3468 228 3535 eodem
251 3468 392 3553 pondere
414 3488 487 3536 esse
509 3476 651 3554 possunt.

202 3569 352 3654 Sequitur
374 3572 473 3656 igitur
494 3592 599 3656 neque
622 3576 759 3636 lio-4
783 3593 887 3656 neque
912 3578 1037 3640 uus-7
1060 3597 1082 3644 a
1103 3577 1252 3647 Lucretio

113 3674 253 3758 scriptos
282 3692 366 3740 esse.
420 3675 532 3758 ltaque
560 3695 630 3741 eum
659 3694 700 3741 ue
731 3694 846 3742 versus
876 3679 950 3742 718.
977 3681 996 3742 9
1029 3679 1158 3762 quidem
1191 3683 1251 3749 soli

112 3776 211 3860 positi
238 3777 413 3861 placeant,
453 3777 521 3844 veri
557 3777 754 3843 simillimum
789 3785 839 3846 est
876 3779 983 3845 omnis
1018 3780 1094 3849 inde
1132 3805 1152 3850 a
1187 3789 1250 3852 718

113 3878 226 3963 spuria
247 3897 332 3946 esse.
378 3880 426 3945 Ac
448 3879 542 3946 simul
565 3879 710 3966 repetitio
733 3899 845 3948 versus
871 3885 934 3947 726
960 3883 994 3948 in
1022 3885 1132 3967 quinto
1156 3887 1248 3972 libro,

113 3981 167 4047 nbi
191 3989 266 4066 post
288 3986 351 4046 440
380 3983 515 4067 legitur,
548 3983 689 4050 tollenda
719 3991 778 4050 est.
825 3985 964 4052 Facilior
993 3995 1097 4054 autem
1127 3987 1171 4055 ibi
1202 3999 1253 4058 est

112 4085 363 4168 argumentatio,
386 4105 457 4152 cnm
479 4085 521 4152 ad
535 4087 703 4152 intervallo
717 4088 785 4152 crue
801 4096 859 4152 etc.
872 4111 873 4114 ¹
884 4089 1155 4175 »primordiorum«
1177 4101 1253 4161 tcu-

112 4197 179 4253 tum
203 4187 373 4272 cogitando
396 4188 537 4275 suppleri
552 4189 665 4275 possit.
704 4191 798 4258 Valet
818 4191 916 4276 igitur
930 4192 1027 4276 idern,
1054 4195 1138 4278 quod
1153 4216 1254 4283 supra
