3048 4898
272 329 313 396 14
713 369 757 379 -
802 331 876 417 [ee]
925 371 965 380 -

358 525 427 592 Hoc
450 525 613 592 obstaculo
636 527 768 593 disiecto
792 529 853 592 iam
876 527 1050 612 periculum
1073 534 1130 606 est,
1152 551 1192 593 ne
1214 529 1302 594 aliud
1325 529 1411 613 hag-

269 639 408 699 mentum
454 631 701 716 disputationem
746 639 887 700 nostram
927 634 1074 701 debilitet
1114 641 1210 719 atque
1251 635 1412 720 infringat

269 739 386 806 Versus
408 740 492 804 enim

315 862 377 928 115
400 865 550 930 Πολλοί
577 887 639 929 τοι
666 861 808 942 πόσιος
830 867 895 930 καὶ
921 861 1092 951 βρώσιός
1118 863 1219 932 εἰσιν
1244 861 1412 952 ἑταῖροι,

316 973 377 1036 116
446 969 483 1036 lv
508 970 543 1037 δὲ
568 971 742 1057 σπουδαίῳ
765 968 931 1059 πρήγματι
954 968 1168 1058 παυρότεροι,

267 1135 346 1197 quos
368 1135 407 1178 ox
426 1113 596 1200 Phocylide
620 1115 822 1200 depromptos
845 1136 913 1180 esse
935 1113 1143 1200 probabiliter
1162 1115 1295 1182 coniecit
1313 1115 1412 1200 Berg-

267 1220 347 1298 kius,
369 1219 453 1287 inira
476 1243 539 1287 non
562 1243 655 1288 sensu
678 1222 734 1288 sed
756 1221 865 1306 paucis
889 1220 993 1288 verbis
1016 1222 1146 1288 variatis
1169 1223 1331 1307 leguntur:

311 1344 376 1410 643
399 1346 548 1411 Πολλοὶ
579 1367 657 1431 παρ
689 1353 854 1432 κρητῆρι
886 1347 995 1429 φίλοι
1026 1347 1209 1430 γίυουται
1242 1343 1412 1432 ἑταῖροι,

312 1450 377 1517 644
445 1449 482 1516 ἐν
506 1451 542 1517 δὲ
566 1452 740 1538 σπουδαίῳ
763 1449 929 1538 πρήγματι
951 1448 1164 1539 παυρότεροι.

354 1593 415 1673 Qui
431 1616 539 1661 versus
558 1615 629 1661 cum
646 1601 782 1678 utroque
801 1594 868 1661 loco
886 1597 918 1660 in
938 1595 1167 1662 sententiarum
1182 1617 1297 1662 nexum
1310 1598 1412 1680 aptis·

267 1703 344 1766 sime
366 1702 532 1786 quadrant,
554 1723 618 1768 non
640 1707 689 1768 est
711 1723 766 1766 our
788 1701 923 1767 alterum
945 1708 1053 1768 utrum
1075 1701 1287 1787 imgrnentum
1305 1703 1410 1769 elimi-

267 1829 384 1875 nemus.
421 1809 552 1875 Accedit
569 1809 654 1892 quod
678 1829 748 1874 cum
771 1815 804 1873 et
825 1809 920 1893 longo
942 1809 1108 1876 intervallo
1127 1811 1246 1877 distent
1265 1817 1297 1878 et
1314 1831 1410 1895 argu-

267 1922 372 1982 mento
386 1915 560 2000 paullulum
574 1916 761 2001 discrepent,
775 1917 802 1980 is
816 1917 869 2001 qui
884 1915 1034 2000 reliquias
1043 1915 1262 2002 Theognideas
1272 1917 1411 2002 collegit,

265 2029 435 2106 utrumque
458 2021 669 2106 fragmentum
686 2043 750 2088 non
768 2022 874 2108 inepte
894 2025 926 2088 in
945 2029 1068 2090 textum
1086 2024 1226 2108 recipere
1244 2023 1305 2089 sibi
1324 2024 1410 2089 visus

266 2135 323 2196 est.
369 2129 473 2214 Atque
495 2129 692 2214 Hartungins
718 2129 844 2213 quidem
873 2129 989 2196 iniuria
1015 2151 1122 2197 versus
1152 2129 1307 2197 115.116
1332 2151 1409 2196 carr-

266 2235 353 2302 cellis
380 2237 594 2302 circumdedit.
644 2237 711 2302 Hos
739 2238 821 2304 enhn
854 2238 1065 2320 antiquiorem
1092 2237 1244 2322 praebere
1272 2238 1409 2322 speciem
1504 2279 1505 2334 ρ

266 2348 361 2426 atque
384 2341 516 2408 formam
539 2344 614 2409 inde
636 2365 788 2429 apparere
811 2344 948 2421 videtur,
971 2345 1057 2428 quod
1079 2345 1107 2410 is
1129 2346 1184 2428 qui
1207 2344 1409 2412 hexametro-

229 2543 231 2548 Α
266 2471 336 2513 rum
364 2449 577 2515 collectionem
599 2449 778 2535 Phocylidis
805 2471 918 2516 nomen
940 2471 1017 2535 prae
1040 2473 1073 2517 se
1102 2451 1255 2517 ferentem
1278 2453 1408 2517 concin-

265 2556 365 2632 navit,
392 2557 460 2621 sine
483 2557 581 2622 dubio
604 2579 643 2622 ex
665 2559 742 2642 ipsis
764 2558 1055 2642 antiquissimorum
1078 2563 1242 2642 poetarum
1264 2555 1409 2624 lontibus

146 2737 150 2746 ¹
265 2663 379 2728 hausit.
429 2663 561 2747 Legitur
587 2670 694 2729 autem
721 2663 807 2748 apud
833 2665 1156 2749 Pseudophocylidem
1182 2665 1216 2729 in
1243 2685 1335 2730 versu
1362 2665 1408 2729 92
1503 2731 1504 2740 ,

266 2769 413 2837 editionis
444 2769 641 2854 Bergkianae
672 2773 794 2837 πολλοὶ
825 2762 886 2857 γὰρ
914 2767 1034 2848 πόσιος
1060 2773 1117 2836 καὶ
1147 2766 1291 2856 βρώσιός
1322 2769 1409 2837 εἰσιν

266 2872 400 2963 ἑταῖροι.
460 2877 571 2961 ltaque
603 2878 664 2942 nisi
694 2884 862 2962 utrumque
894 2879 1051 2944 distichon
1083 2879 1115 2943 in
1147 2885 1237 2944 textu
1268 2877 1408 2943 retinere

266 2985 467 3062 voluerimus,
493 2985 627 3050 alterum
651 2985 729 3049 illud
752 2985 893 3052 versibus
916 2983 989 3050 643.
1009 2984 1074 3049 644
1097 3005 1278 3068 expressum
1300 2985 1409 3068 potius

266 3091 432 3157 delendum
455 3092 524 3158 erit.

354 3303 442 3371 Haec
467 3305 534 3372 fere
561 3306 600 3371 de
627 3303 771 3371 distichis
799 3306 882 3370 intra
908 3305 1046 3389 priorem
1069 3304 1142 3369 libri
1166 3304 1259 3388 primi
1282 3309 1407 3388 partem

265 3412 410 3498 repetitis
432 3413 566 3478 dicenda
589 3433 656 3478 esse
679 3410 874 3476 videbantur.
914 3411 1044 3477 Praeter
1062 3410 1200 3476 disticha
1216 3415 1322 3475 autem
1341 3409 1407 3487 illa,

266 3521 306 3585 de
328 3519 443 3602 quibus
465 3519 557 3585 modo
576 3519 671 3584 verba
689 3517 826 3595 fecimus,
848 3522 1034 3604 repetuntur
1051 3517 1168 3602 singuli
1187 3539 1302 3593 versus,
1326 3537 1406 3600 quos

266 3625 405 3692 nondum
432 3627 465 3690 in
492 3624 736 3710 disputationem
763 3627 912 3712 protraxi.
969 3625 1072 3709 Atque
1104 3623 1252 3707 incipiam
1284 3621 1325 3686 ab
1359 3624 1405 3689 eis

266 3734 319 3817 qui
343 3733 384 3797 ad
407 3733 536 3798 verbum
560 3733 685 3816 repetiti
708 3737 794 3810 sunt,
821 3754 883 3816 quo
910 3732 942 3798 in
965 3752 1094 3797 numero
1117 3737 1192 3796 sunt
1213 3731 1405 3814 pentametri

266 3839 332 3905 540
360 3846 392 3906 et
419 3839 484 3906 554
513 3838 542 3905 el
567 3831 611 3926 μὴ
637 3830 717 3925 ἐμὴν
748 3834 884 3926 γνώμην
912 3837 1100 3920 ἐξαπατῶσι
1128 3839 1220 3918 θεοί,
1251 3837 1306 3920 qui
1334 3857 1404 3902 curn

265 3948 448 4015 hexametro
475 3947 673 4014 antecedenti
699 3946 856 4012 coniuncti
883 3953 992 4030 aptum
1019 3945 1173 4030 praebent
1199 3965 1324 4011 sensum
1351 3965 1403 4010 re·

266 4057 502 4141 stringendique
524 4055 584 4120 vim
612 4053 766 4130 indicant,
794 4061 829 4118 ut
855 4025 939 4119 idem
966 4055 1032 4119 fere
1054 4054 1180 4119 valeant
1206 4071 1244 4117 ac
1269 4051 1403 4117 latinum

266 4164 336 4242 ‚nisi
360 4163 484 4248 egregie
506 4159 615 4227 fallor'.
660 4159 739 4226 Cum
761 4160 914 4226 eiusmodi
938 4160 1087 4226 formulas
1110 4160 1152 4225 ad
1175 4160 1327 4226 sermonis
1351 4181 1404 4227 co-

266 4268 380 4335 tidiani
417 4267 652 4336 similitudinem
688 4266 870 4352 saepissime
905 4274 1073 4352 usurpatas
1109 4266 1204 4334 firisse
1239 4273 1338 4351 atque
1369 4269 1403 4334 iu

267 4378 373 4464 poisin
397 4377 564 4464 elegiacam
586 4374 678 4442 facile
701 4375 795 4441 inseri
818 4376 956 4458 potuisse
979 4381 1218 4442 consentaneum
1242 4375 1293 4452 sit,
1317 4377 1403 4458 quod
