2982 4884
276 357 337 418 ¹94
708 387 754 399 -
800 353 883 435 [ars]
927 387 975 400 .-

274 545 435 626 οιρέσεως
464 547 531 606 τῶν
560 536 831 624 πολιτευμάτων,
866 547 974 606 tanen
1000 560 1036 606 re
1057 559 1134 604 vera
1163 539 1293 606 minime
1319 538 1389 605 iden

273 643 466 729 significant.
521 641 761 727 Πολιτεύματα
783 647 1029 730 προαιρεῖσθαι
1056 640 1096 708 de
1125 661 1163 708 eo
1186 642 1315 725 dieitur,
1346 643 1389 725 qui

272 755 360 816 serta
380 748 414 813 in
429 748 524 814 rebus
539 747 676 832 publicis
696 747 884 814 exercendis
906 745 1066 832 principia
1086 745 1149 812 sibi
1170 745 1331 830 sequenda
1343 747 1390 812 eli-

272 853 337 937 git;
363 852 405 919 ef.
423 852 516 916 aa.
535 851 792 936 villapedes
812 849 870 916 ἐπὶ
892 857 937 935 τῇ
961 853 1217 936 προαιρέσει
1238 855 1310 914 τῶν
1327 873 1389 914 πο-

273 952 541 1039 λιτευμάτων
570 952 830 1038 ἐπαινούμενον.
876 955 954 1020 VIII
977 957 1017 1019 30
1041 975 1074 1039 p.
1095 956 1185 1018 13812
1213 947 1232 1040 ἡ
1256 958 1390 1039 προαί-

273 1081 389 1144 ρεσις
491 1051 603 1145 ἡτῶν
626 1054 954 1141 πολιτευμάτων
977 1079 1049 1124 σου.
1078 1057 1329 1141 X113p.10812
1347 1061 1389 1140 yl-

272 1187 334 1230 νου
357 1169 401 1248 τῇ
425 1165 662 1247 προαιρέσει
684 1167 760 1227 τῶν
781 1157 1112 1244 πολιτευμάτων
1133 1159 1178 1248 μὴ
1195 1157 1388 1246 τυραννικός.

274 1265 368 1332 Dein.
384 1265 492 1330 XVIII
514 1264 531 1348 ᾗ
551 1266 610 1329 108
630 1257 724 1343 ἄξιός
739 1263 808 1347 εἰμι
824 1262 970 1330 ἐπαίνου
984 1274 1105 1346 τυχεῖν,
1132 1257 1185 1328 ὅτι
1199 1260 1335 1330 πάντα
1354 1261 1391 1326 τὰ

273 1373 453 1433 τοιαῦτα
476 1363 762 1454 προῃρούμην
784 1363 1082 1451 πολιτεύματα
1106 1360 1170 1449 ἀφ’
1189 1357 1236 1432 ὧν
1258 1361 1325 1449 ἅμα
1345 1363 1392 1430 do'-

252 1472 330 1551 ’ξαι
352 1470 409 1534 καλ
430 1470 526 1553 τιμαί
548 1471 606 1534 καί
628 1467 788 1553 δυνάμεις
810 1474 1013 1552 συνέβαινον
1033 1477 1072 1555 τῇ
1095 1467 1205 1553 πόλει,
1238 1468 1393 1552 βάσκανον
1447 1471 1451 1482 ’

274 1572 311 1638 δὲ
333 1573 391 1660 Ικαὶ
405 1569 531 1659 πικρὸν
544 1573 602 1638 καί
616 1570 786 1660 κακόηθες
802 1566 901 1640 οὐδέν
921 1571 993 1639 ἐστι
1007 1574 1196 1656 πολίτευμα
1212 1571 1303 1656 ἐμόν,
1328 1566 1392 1638 οὐδὲ

275 1675 448 1759 ταπεινόν,
469 1671 547 1743 οὐδὲ
561 1682 620 1764 της
635 1673 768 1753 πόλεως
783 1670 934 1756 ἀνάξιον.
969 1678 987 1762 5
1002 1680 1063 1742 109
1078 1670 1180 1742 ταύτὸ
1198 1681 1312 1743 τοίνυν
1322 1665 1393 1763 ἦθος

275 1779 362 1863 ἔχων
385 1779 422 1846 ’ἐν
443 1805 478 1846 τε
506 1792 577 1856 τοῖς
599 1777 685 1845 κατὰ
715 1778 775 1868 την
804 1778 908 1846 πόλιν
937 1778 1162 1864 πολιτεύμασι
1187 1781 1245 1844 καί
1275 1777 1310 1846 ἓν
1336 1790 1393 1855 τοῖς

269 1877 473 1971 Ἑλληνικοῖς
489 1880 697 1972 φανήσομαι.
726 1877 848 1972 Ἀρχὴν
863 1889 1110 1971 προαιρεῖσθαι
1122 1890 1172 1950 est
1187 1883 1392 1968 magistratum

273 1987 336 2054 sibi
358 1988 478 2072 eligere
500 1986 544 2052 ad
565 1987 774 2072 lungendum,
801 1987 841 2054 de
863 2008 928 2072 qua
949 2007 984 2054 re
1006 1993 1041 2052 ut
1063 1987 1097 2052 in
1118 1989 1213 2056 Isaeo
1235 1985 1393 2072 Dionysius

274 2099 444 2176 quaereret
461 2090 531 2157 fieri
546 2109 626 2156 saue
647 2091 759 2175 potuit,
785 2091 862 2157 lieet
875 2110 978 2176 neque
1001 2090 1035 2156 in
1048 2091 1151 2176 Lysia
1166 2111 1269 2175 neque
1290 2090 1322 2155 in
1334 2090 1392 2154 Ise

274 2200 361 2262 erate
383 2213 486 2278 neque
507 2193 541 2259 in
555 2193 716 2260 Dinareho
738 2193 824 2259 idem
846 2193 973 2269 feceris
999 2202 1033 2260 at
1054 2194 1155 2260 verba
1176 2187 1196 2281 ἢ
1218 2195 1389 2273 πολιτεῖαι,

273 2317 356 2381 quae
379 2297 449 2364 sine
470 2295 567 2364 dubio
587 2296 689 2364 eidem
705 2303 800 2382 alque
815 2297 874 2363 illa
888 2297 1010 2364 auetoui
1025 2298 1191 2378 debentur,
1217 2296 1391 2382 Dionysium

273 2401 314 2466 de
334 2420 375 2465 ea
397 2421 431 2466 re
446 2421 510 2466 non
531 2399 731 2482 quaesivisse
754 2402 898 2486 probant.
945 2400 1026 2465 Vide
1039 2400 1132 2467 'unde
1155 2399 1215 2466 hoe
1237 2399 1389 2466 efficiatur.

273 2503 458 2569 Πολιτείαν
473 2507 719 2589 προαιρεῖσθαι
738 2503 793 2568 vix
808 2503 897 2569 aliud
911 2502 1081 2586 quiequam
1097 2523 1169 2570 esse
1191 2509 1297 2589 polest
1310 2521 1392 2586 quan

272 2605 320 2674 rei
341 2605 489 2691 publicae
510 2605 652 2690 aliquam
674 2607 824 2688 formam,
853 2605 888 2671 id
910 2613 960 2673 est
981 2605 1188 2690 eligarehium
1217 2607 1272 2674 vel
1295 2606 1391 2671 denu-

273 2709 417 2792 eratiam,
443 2709 504 2775 sibi
526 2709 647 2794 eligere
669 2707 874 2794 sequendam.
915 2709 998 2776 Nam
1020 2709 1060 2775 de
1076 2710 1192 2776 ueteris
1208 2709 1303 2776 huius
1316 2705 1392 2776 serbi

273 2812 570 2898 significationibus,
595 2833 678 2896 quae
698 2813 825 2898 quidem
841 2812 928 2898 apud
943 2812 1134 2899 Dionysium
1149 2820 1326 2894 aecurrunt,
1348 2810 1391 2876 hie

273 2915 408 3001 eogitari
423 2916 542 3000 nequit,
568 2916 685 3000 quibus
703 2923 831 2984 notatur
852 2922 884 2982 et
906 2915 1111 3000 respublica,
1137 2916 1179 2982 el.
1205 2937 1236 2983 e.
1254 2937 1286 3000 g.
1304 2919 1342 2985 Α.
1359 2915 1390 2978 R.

197 3073 202 3097 .
273 3021 340 3088 117
356 3040 390 3106 p.
407 3021 496 3088 12518
519 3016 584 3103 ἐρῶ
605 3018 641 3084 δὲ
664 3026 799 3105 πρῶτον
814 3013 900 3103 ὑπὲρ
917 3025 978 3085 τοῦ
999 3015 1128 3102 κόσμου
1145 3026 1204 3106 της
1218 3020 1389 3096 πολιτείας,

276 3131 308 3190 et
329 3123 380 3189 ius
403 3121 552 3204 civitatis,
579 3122 679 3188 veluti
700 3123 739 3188 A.
758 3124 798 3188 R.
819 3123 907 3190 1115
930 3144 962 3210 p.
984 3125 1058 3188 135⁵
1081 3123 1257 3200 πολιτείας
1277 3119 1393 3208 μετεδί-

275 3226 346 3292 δου.
379 3225 420 3292 de
449 3225 548 3311 Lysia
576 3247 609 3310 p.
634 3229 711 3292 5260
739 3222 799 3312 την
822 3226 999 3292 πολιτείαν
1027 3275 1092 3291 ...
1118 3237 1189 3304 τοῖς
1211 3233 1274 3313 μην
1293 3225 1394 3308 ἔχουσι

274 3328 501 3414 παραδοῦναι.
547 3327 608 3394 Rei
630 3329 778 3412 publicae
800 3328 903 3396 forma
916 3329 963 3395 ita
977 3329 1136 3397 indicatur
1151 3350 1180 3396 e.
1194 3350 1227 3415 g.
1254 3329 1294 3395 de
1308 3326 1393 3413 Lysia

274 3454 307 3518 p.
331 3435 421 3497 52512
458 3428 502 3520 μὴ
536 3433 724 3498 καταλῦσαι
756 3430 816 3520 τὴν
849 3429 996 3517 πάτριον
1028 3432 1205 3499 πολιτείαν
1229 3427 1391 3519 Ἀθήνησι.

273 3534 334 3620 Ep.
360 3533 413 3600 ad.
439 3534 496 3600 Cn.
514 3535 627 3620 Pomp.
653 3556 686 3620 p.
704 3537 782 3600 784⁸
812 3536 992 3602 πολιτειῶν
1020 3531 1194 3624 σχήματα,
1231 3537 1273 3602 A.
1291 3536 1326 3600 R.
1350 3533 1393 3598 18

273 3660 306 3725 p.
328 3643 395 3706 101³
419 3640 599 3703 πολιτειῶν
621 3661 656 3703 τε
679 3636 771 3714 lulag
794 3638 944 3722 διέξειμι.
992 3639 1162 3706 Sumamus
1188 3638 1286 3724 igitur
1307 3637 1394 3704 πολι-

273 3747 368 3810 τείαν
389 3746 636 3832 προαιρεῖσθαι
657 3742 735 3808 ferri
756 3763 868 3828 posse;
894 3751 929 3810 at
944 3745 1113 3810 verborum
1127 3749 1287 3812 structura
1300 3739 1394 3810 omnia

274 3849 391 3915 turbat.
432 3839 553 3934 Ἀρχίην
575 3844 605 3911 εί
627 3844 804 3932 προείλετό
827 3871 903 3913 τινα
918 3853 1005 3914 reete
1018 3846 1150 3926 dieitur;
1177 3845 1207 3912 εί
1229 3837 1392 3934 προείλετό

273 3975 350 4018 τινα
381 3950 557 4015 πολιτείαν
588 3948 698 4034 inepta
730 3949 889 4017 sententia
917 3956 966 4017 est
996 3956 1028 4016 et
1054 3949 1276 4017 intolerabilis.
1319 3947 1390 4015 Nan

275 4075 347 4120 eum
370 4054 411 4119 de
433 4045 529 4119 certis
552 4060 675 4118 tantum
698 4053 743 4119 rei
766 4054 915 4138 publicae
937 4053 1047 4120 formis
1069 4053 1179 4137 quaeri
1197 4061 1313 4140 posset,
1336 4045 1390 4116 diei

275 4156 429 4236 debebal‚.
442 4176 507 4220 non
529 4154 568 4220 εἲ
588 4178 663 4222 τινα
679 4156 855 4242 προείλετο
878 4157 1064 4238 πολιτείαν,
1091 4155 1149 4222 sed
1170 4161 1267 4224 τίνα
1288 4153 1390 4238 προεί-

275 4258 351 4323 λετο
375 4257 562 4324 πολιτείαν.
609 4257 692 4324 Hine
713 4258 871 4325 evincitur
892 4260 992 4325 verba
1014 4252 1091 4325 ούδὲ
1114 4253 1221 4346 ἀρχὴν
1241 4257 1273 4324 el
1287 4255 1389 4340 προεί-
