3034 4896
721 317 931 378 ..42-

346 509 408 571 650
432 505 537 570 uerior
559 505 656 568 ardor
678 504 759 569 enim
781 505 941 568 cuodmua
957 503 1106 588 portibus
1129 510 1218 580 esset,

428 608 607 693 lonpoidr'or
623 629 723 692 porro
746 606 884 672 disiectis
906 607 1014 692 daque
1036 607 1176 690 capoten.-
1287 649 1292 658 =

428 711 564 795 ampliore
585 710 642 774 hoc
650 710 735 795 fieri
755 710 803 774 uit
823 718 878 791 eet,
906 711 992 796 qood
1004 731 1100 793 porse
1122 708 1223 774 recreo

431 815 546 878 mdr'bua
567 815 600 877 r'n
623 814 735 896 cauae,
762 836 800 877 rte
822 815 897 876 dum
918 813 1077 878 romantio
1098 834 1204 876 rerum

247 937 250 944 ·
345 921 406 983 654
432 925 519 982 torto
542 925 635 1001 qoeot
656 916 760 980 derssr's
781 916 926 1002 ramoque
947 938 986 980 oa
1007 915 1131 1001 mnibus
1154 917 1267 998 περὶ).

345 1023 407 1085 675
430 1042 533 1084 canc
555 1019 689 1104 ipitur
711 1019 858 1104 quoniam
880 1019 1053 1084 cortrecr'mo
1072 1041 1204 1104 corpora
1219 1018 1375 1102 qumodom

428 1132 510 1205 cort,
537 1145 615 1206 quoe
638 1130 825 1186 concocunt
845 1133 993 1188 acturam
1014 1144 1136 1206 eernpor
1157 1123 1297 1198 wadon,

428 1246 558 1309 quorum
580 1225 667 1290 abiro
688 1225 855 1291 cutodita
876 1233 1056 1311 mutatoque
1079 1224 1187 1290 ordine
1208 1232 1334 1288 mutant

428 1335 577 1392 naturam
598 1349 649 1391 reu
672 1336 702 1392 ct
723 1335 909 1392 convertunt
930 1350 1063 1410 corporo
1084 1348 1161 1409 coeo,

429 1430 509 1495 scire
532 1430 605 1494 licet
626 1450 688 1494 corr
710 1452 773 1494 cuso
795 1429 871 1495 hoec
893 1430 985 1515 ipooo
1006 1453 1139 1515 corpora
1160 1451 1276 1495 remm.

344 1533 436 1600 Alias
457 1555 539 1598 aare
561 1533 659 1618 ipitur
679 1533 713 1598 in
728 1533 929 1600 Lucretianis
952 1533 1147 1600 carminibus
1170 1553 1234 1599 non
1255 1533 1396 1618 legitur:

259 1635 325 1702 illis
347 1635 428 1702 locis
450 1642 516 1702 tam
540 1641 740 1702 constantem
763 1635 1027 1718 significationem
1047 1635 1153 1718 habet,
1180 1642 1215 1701 ut
1229 1635 1308 1701 mihi
1331 1657 1401 1703 non

261 1738 391 1805 dubium
414 1737 456 1806 sit
477 1738 554 1822 quin
577 1737 636 1804 hoc
658 1739 727 1804 loco
748 1739 795 1819 (V,
815 1741 886 1822 273)
916 1759 936 1804 a
958 1745 1054 1824 poeta
1075 1759 1139 1805 non
1161 1739 1204 1805 sit
1225 1740 1398 1824 scriptum.

344 1841 469 1908 Deinde
499 1841 596 1906 miror
623 1841 784 1908 neminem
807 1841 913 1908 adhuc
940 1850 1162 1925 argumentum
1193 1841 1288 1908 huius
1311 1843 1403 1911 ulte-

260 1945 326 2011 rius
347 1943 482 2012 membri
504 1945 537 2009 in
553 1944 770 2028 suspicionem
785 1963 930 2012 vocasse.
972 1947 1009 2026 V,
1030 1948 1171 2012 tre-8
1188 1944 1313 2026 dicitur,
1331 1947 1402 2013 nisi

261 2068 315 2114 cer
331 2065 383 2114 res
402 2047 537 2114 fluentes
559 2054 719 2114 recrearet
740 2056 773 2114 et
793 2048 914 2115 amissa
930 2049 988 2114 illa
1003 2049 1176 2134 primordia
1191 2049 1397 2132 retribueret,

259 2151 350 2217 brevi
380 2157 523 2236 tempore
552 2150 620 2217 sore
648 2156 683 2217 ut
705 2151 812 2217 omnia
833 2150 1086 2218 dissolverentur
1112 2161 1144 2218 et
1165 2151 1200 2216 in
1221 2171 1299 2219 aera
1320 2172 1402 2218 ver·
1508 2166 1514 2245 ξ

260 2262 413 2321 terentur.
461 2253 629 2319 Lucretius
662 2271 740 2319 vero
773 2273 878 2320 rorum
912 2254 1139 2320 recreationem
1170 2273 1300 2339 prorsus
1330 2256 1402 2321 alio

259 2357 354 2423 modo
377 2356 444 2423 fieri
467 2363 592 2422 namet:

303 2460 346 2536 II,
375 2465 457 2524 1105
480 2460 639 2544 multoque
656 2467 734 2543 port
755 2459 865 2523 moodr'
886 2469 1006 2543 tempus
1025 2460 1162 2545 penitudo
1184 2441 1336 2545 cliensque

476 2562 809 2647 primiponommorr'u
831 2572 863 2628 ot
885 2571 989 2627 terroe
1009 2563 1144 2649 colcaqrre
1166 2572 1305 2628 coortum

481 2665 592 2730 addito
613 2687 747 2749 corpora
768 2673 842 2729 eunt
863 2666 1065 2743 extrinsecae,
1090 2666 1201 2730 addito
1223 2666 1340 2730 cirrum

483 2769 612 2845 somena,
637 2789 715 2853 qaue
736 2789 886 2853 mappam
907 2769 1074 2833 mando
1096 2769 1229 2833 contulit
1251 2791 1359 2844 omno,-

483 2873 565 2936 unde
586 2893 672 2936 moro
695 2881 726 2935 ot
749 2881 851 2935 terroe
867 2880 999 2955 poscent
1020 2893 1195 2956 capescere,
1220 2881 1252 2936 et
1271 2873 1353 2936 undo

481 2983 649 3058 appareret
670 2975 807 3058 epatium
829 2975 910 3038 coeli
930 2975 1038 3038 domus
1060 2975 1188 3060 altoque
1209 2983 1291 3040 terto

485 3078 608 3142 tolleret
629 3101 648 3142 a
672 3078 765 3142 terrie
781 3077 908 3160 procul,
933 3087 965 3143 et
986 3087 1185 3163 concorporet
1205 3101 1271 3142 cor.

481 3202 555 3245 com
576 3202 634 3244 eoo
656 3181 776 3265 coique,
801 3179 878 3244 locis
899 3203 937 3244 en
959 3181 1108 3262 manibus,
1135 3181 1239 3246 omnio
1255 3181 1368 3265 ploos}

482 3295 615 3366 corporo
636 3283 865 3347 distribuuntur
887 3291 918 3347 ct
939 3285 984 3347 od
1003 3305 1061 3348 cuo
1082 3285 1187 3348 aceolo
1207 3285 1366 3361 recedunt,

481 3407 570 3451 umor
592 3388 637 3450 od
654 3408 805 3463 amorem,
831 3394 952 3450 terreno
975 3408 1105 3470 corporo
1128 3396 1215 3450 terro

483 3491 602 3572 creecit,
629 3499 660 3556 et
681 3491 783 3576 {prtem
805 3491 891 3576 ἕρπει
908 3493 1089 3574 procudunt
1110 3513 1245 3576 aeraque
1266 3513 1332 3556 oer.

261 3613 332 3660 cum
356 3593 471 3677 quibus
493 3593 639 3661 conseras
661 3595 688 3676 1,
717 3598 875 3660 1031-7.

347 3697 433 3781 Ergo
455 3717 568 3764 versus
591 3697 628 3779 V,
655 3700 805 3764 ere-80
828 3698 969 3765 Lucretii
993 3717 1065 3764 esse
1087 3716 1151 3762 non
1173 3704 1322 3782 possunt.

348 3800 417 3865 Iam
449 3789 527 3866 vero
563 3807 599 3866 ut
632 3820 714 3884 quac
746 3801 886 3867 eruimus
919 3799 1244 3885 comprehendamus,
1281 3819 1398 3867 versus

263 3905 411 3968 273-80
434 3924 455 3970 a
477 3911 574 3989 poeta
595 3924 658 3971 non
681 3911 755 3972 sunt
778 3904 905 3989 scripti;
938 3907 1087 3968 261-72
1110 3903 1209 3969 ieiuni
1233 3911 1323 3984 sunt,
1350 3913 1396 3986 et,

334 4147 350 4210 ¹]
379 4147 509 4198 665-69
533 4146 628 4210 omisi,
660 4147 735 4216 quod
760 4147 935 4216 parenthesis
959 4145 1020 4199 loco
1045 4146 1142 4200 inserti
1170 4151 1243 4200 suunt.
1282 4147 1400 4197 fiio-4

263 4231 351 4301 spurii
370 4235 443 4286 cunt.
465 4228 515 4286 cfr.
535 4247 582 4302 pg.
604 4234 636 4284 60
655 4246 695 4300 sq.
