3008 4884
300 313 342 377 ts
737 347 782 355 -
830 311 913 392 [aar]
961 347 1005 356 -

298 497 477 576 litudinem,
502 517 598 580 quam
622 495 782 564 formandi
798 497 952 563 rationem
970 497 1113 581 vulgaris
1128 497 1268 562 maxime
1283 497 1429 562 serrnouis

299 602 461 687 propriam
482 619 556 668 esse
579 607 714 666 constat.
755 601 891 666 Formae
905 599 990 666 enim
1007 600 1094 680 illae⁷
1121 617 1203 684 quae
1221 607 1330 664 essent
1345 617 1428 664 rarae

298 705 350 770 vel
372 723 443 770 oum
466 703 744 787 grammatioorum
761 703 872 788 regula
887 702 1073 788 discrepare
1090 701 1285 781 viderentur,
1311 701 1345 766 iu
1360 701 1428 766 euti·

297 805 394 873 diauo
415 805 544 872 dicendi
566 825 627 872 usu
648 811 864 872 commutatae
886 804 1026 871 suntad
1048 802 1290 870 slmilitudiueuu
1312 822 1425 870 earum.

297 928 474 994 quaecum
497 928 696 974 communem
723 915 932 992 sequerentur
962 907 1106 991 regulam
1135 907 1427 992 pervulgatissima

298 1012 387 1079 etin
417 1012 558 1077 omnium
587 1032 642 1078 ore
672 1019 775 1078 erant.
822 1010 940 1078 Contra
970 1011 1083 1078 (litero
1111 1030 1183 1076 oum
1213 1010 1427 1076 constituendo

296 1115 435 1183 sermoni
457 1115 579 1180 urbano
601 1134 732 1198 oporam
753 1113 962 1198 impenderet,
988 1131 1029 1180 ex
1046 1113 1263 1198 eompluribus
1279 1113 1427 1178 eiusmodi

297 1218 406 1284 formis
429 1237 501 1284 eam
525 1217 710 1300 plerumque
733 1216 910 1300 legitimam
938 1237 979 1284 00
1001 1217 1190 1284 sollemnem
1212 1235 1287 1283 esse
1308 1217 1423 1296 statuit,

295 1339 380 1404 quae
403 1318 505 1384 rarior
526 1326 623 1385 esset.

385 1423 494 1488 Pauca
516 1421 676 1488 monenda
699 1430 774 1487 sunt
839 1427 868 1504 a]
896 1421 937 1487 de
961 1422 1122 1488 neminum
1145 1421 1373 1488 declinatione.

385 1528 403 1602 r}
432 1524 590 1608 Diogen.
617 1524 702 1608 sing.
728 1524 823 1590 Corn.
848 1524 896 1606 II,
923 1529 992 1602 1,“1
1025 1532 1144 1607 ternpus
1173 1524 1220 1594 ita
1250 1523 1425 1608 quaeritur:

296 1651 357 1714 quo
380 1628 466 1704 anni,
492 1628 575 1712 [que
597 1627 709 1712 horel
731 1637 824 1691 1100111
846 1649 887 1691 art
910 1627 1059 1704 Interdiu,
1089 1649 1152 1711 que
1173 1626 1225 1689 die
1248 1649 1312 1711 qua
1335 1627 1425 1691 nortis

295 1733 374 1796 hora
389 1733 521 1817 factum
550 1753 616 1794 esse
643 1730 777 1810 dicarat,
810 1729 851 1796 of.
879 1730 970 1796 Neue
992 1731 1028 1795 1²
1049 1749 1127 1814 pag.
1154 1732 1216 1793 375
1232 1749 1305 1813 sqq.
1331 1737 1363 1796 et
1383 1731 1426 1794 in-

296 1835 407 1922 primis
430 1855 506 1920 pag.
534 1837 606 1899 379.
648 1833 788 1900 Koehler
810 1841 873 1900 aet.
900 1833 966 1898 Erl.
992 1834 1007 1897 1
1030 1853 1103 1917 pag.
1131 1836 1205 1898 390.

382 1941 404 2022 r]
433 1937 575 2002 Pastori
599 1957 674 2020 gen.
707 1936 790 2021 sing.
816 1936 883 2002 (lie.
911 1937 1004 2002 Roso.
1031 1937 1101 2000 Am.
1129 1938 1266 2016 15,131
1300 1957 1424 2019 quonian

296 2043 377 2108 m'lil
394 2041 533 2125 patricii
552 2063 649 2106 00000
671 2040 776 2105 diuino
799 2039 940 2117 teredio,
972 2041 1029 2104 sed
1056 2040 1089 2102 or'
1116 2039 1188 2122 sirau
1217 2047 1248 2102 01
1271 2039 1424 2122 maguitu-

293 2145 366 2210 dino
388 2166 493 2209 reram
512 2146 644 2230 suetum
669 2152 835 2227 putamus,
868 2143 922 2210 ubi
948 2141 1086 2226 petracii
1112 2140 1266 2208 exhibent
1292 2141 1425 2208 editores

293 2248 357 2315 uisi
368 2247 507 2314 maxime
519 2247 710 2314 austeritate
722 2246 820 2313 Gellii
840 2248 880 2330 (9,
899 2251 948 2326 14,
967 2249 1015 2327 19)
1030 2245 1172 2311 etNouii
1193 2247 1279 2330 (pag.
1295 2247 1360 2310 486
1371 2246 1422 2324 ill:

292 2352 335 2420 oi.
368 2351 458 2417 Neue
481 2351 517 2416 1²
544 2370 621 2435 pag.
648 2353 710 2415 376
731 2367 781 2431 sq.
811 2356 843 2415 et
870 2347 1016 2434 inprimis
1041 2347 1205 2414 Hellmuth
1233 2355 1297 2413 001.
1324 2347 1424 2412 lirll

291 2473 367 2540 pag.
397 2457 470 2518 1119.

378 2561 400 2642 a)
428 2561 504 2635 Res,
530 2577 613 2640 quae
635 2557 739 2622 forma
760 2555 902 2640 genetivi
923 2555 1098 2637 singularis
1116 2573 1247 2620 munere
1264 2555 1423 2639 iungatur.

291 2661 325 2726 in
341 2658 501 2726 Cornificii
524 2658 717 2725 editionibus
735 2664 771 2722 ut
785 2677 870 2724 nune
885 2657 1029 2724 feruutur
1043 2678 1107 2724 non
1122 2657 1300 2723 invenitur:
1328 2677 1426 2741 neque

255 2764 260 2770 '
291 2761 456 2829 adsentiar
467 2761 637 2840 stevartio,
657 2781 729 2827 eum
744 2760 779 2826 in
793 2760 875 2826 llus.
895 2761 997 2826 Rheu.
1017 2761 1079 2825 vol.
1095 2760 1237 2826 XXVIII
1252 2781 1286 2846 p.
1302 2766 1368 2828 579
1381 2783 1422 2843 sq.

291 2885 332 2932 ex
354 2864 544 2932 auctoritate
564 2863 683 2931 oodiois
699 2862 932 2948 Herbipolitani
955 2881 1025 2928 earn
1040 2863 1265 2928 vindicandam
1283 2864 1427 2930 statuerit

290 2966 457 3035 Cornificio
480 2967 558 3033 loois
581 2966 651 3032 his:
676 2968 720 3050 11,
749 2967 858 3048 1118
881 2988 954 3030 aum
977 2965 1094 3051 uliquis
1116 2965 1254 3030 sineret
1275 2967 1422 3031 actionem

294 3110 328 3119 -
355 3071 477 3153 lateat,
504 3069 558 3136 uhi
581 3068 812 3135 0100100000.
837 3069 872 3149 lr;
899 3070 941 3146 11,
964 3072 1016 3150 26,
1035 3073 1069 3132 ll
1099 3069 1198 3133 sirei
1219 3070 1423 3134 testimenium

289 3198 355 3241 esse
384 3175 469 3260 quod
489 3183 561 3250 010,
593 3173 648 3238 ubi
671 3173 736 3236 eius
763 3172 812 3236 rei
838 3171 931 3238 oodd.
956 3195 978 3234 rr
994 3181 1021 3248 1,
1048 3171 1079 3235 ei
1097 3195 1148 3236 res
1171 3172 1243 3238 eod.
1269 3173 1309 3236 11.
1344 3172 1421 3256 quod

289 3284 471 3362 corruptum
495 3277 654 3343 rideretur
682 3297 724 3344 ex
753 3276 901 3342 eineres.
949 3276 1037 3342 Lioet
1066 3275 1152 3342 enim
1179 3275 1274 3344 tertio
1301 3295 1421 3361 queque

289 3381 358 3446 loeo
374 3398 413 3446 ex
429 3379 572 3446 eiusdem
587 3378 708 3446 eodieis
723 3379 743 3442 t
759 3378 822 3446 fide
838 3378 947 3462 reponi
961 3397 1058 3463 posse
1073 3378 1220 3446 videatur
1237 3379 1344 3448 forma
1360 3403 1419 3444 rer.-

289 3483 344 3564 lv,
365 3486 416 3562 34,
437 3487 476 3546 45
500 3481 671 3567 aliqnando
693 3481 743 3548 rei
757 3483 905 3564 petreae
925 3483 1064 3546 rationes
1086 3519 1130 3529 -—
1152 3482 1270 3548 virtrrte
1292 3485 1420 3568 optime-

289 3585 366 3650 tr'um
397 3583 601 3663 reviresceret,
638 3585 693 3651 ubi
726 3607 776 3649 res
803 3585 948 3668 publicas
978 3583 1047 3650 ood.
1078 3585 1115 3655 11,
1150 3607 1201 3649 res
1230 3587 1311 3669 reip.
1345 3587 1413 3668 ρ’).

287 3711 370 3772 resp.
386 3687 480 3754 codd.
491 3690 611 3768 011Ρμ,
626 3693 733 3754 tamen
745 3707 816 3753 oum
829 3707 869 3754 110
881 3686 967 3772 apud
979 3687 1128 3753 Plautum
1140 3687 1270 3769 quidem
1283 3697 1416 3756 eeteros-

286 3812 348 3875 que
371 3790 468 3876 prisoi
492 3789 648 3856 sermonis
668 3797 815 3857 01010100
838 3799 926 3856 00110
949 3790 1043 3856 huius
1066 3789 1187 3856 formae
1210 3791 1350 3876 vestigia
1365 3811 1416 3856 ex·

286 3903 388 3974 stent,
429 3913 491 3960 non
522 3893 631 3960 dubito
660 3893 737 3976 quin
766 3893 845 3960 haee
876 3893 995 3960 oodieis
1025 3893 1044 3956 11
1076 3892 1170 3958 leutio
1199 3913 1241 3960 ex
1269 3911 1414 3979 perversa

286 3998 450 4065 sollemnis
472 4004 568 4064 uotae
590 4021 618 4061 r.
632 4021 669 4081 p.
695 3997 956 4095 interpretatione
979 3998 1134 4082 originem
1154 3997 1300 4065 duxerit:
1326 3999 1415 4064 iten-

284 4121 346 4185 que
376 4101 441 4168 illis
469 4101 549 4168 loeis
578 4121 715 4199 errorem
746 4101 852 4185 plotius
881 4102 950 4168 eius
978 4101 1164 4185 agnoverim
1195 4101 1250 4186 qui
1278 4100 1413 4168 redirem

284 4203 560 4287 Herbipolitsnuru
582 4203 738 4270 exaravit.
