<?xml version="1.0" encoding="UTF-8"?>
<!DOCTYPE html PUBLIC "-//W3C//DTD XHTML 1.0 Transitional//EN"
    "http://www.w3.org/TR/xhtml1/DTD/xhtml1-transitional.dtd">
<html xmlns="http://www.w3.org/1999/xhtml" xml:lang="en" lang="en">
 <head>
  <title>
</title>
<meta http-equiv="Content-Type" content="text/html;charset=utf-8" />
  <meta name='ocr-system' content='tesseract 3.04.00' />
  <meta name='ocr-capabilities' content='ocr_page ocr_carea ocr_par ocr_line ocrx_word'/>
</head>
<body>
  <div class='ocr_page' id='page_1' title='image "./dissertationesp02unkngoog/dissertationesp02unkngoog_0741.png"; bbox 0 0 2982 4884; ppageno 0'>
   <div class='ocr_carea' id='block_1_1' title="bbox 288 333 984 416">
    <p class='ocr_par' dir='ltr' id='par_1_1' title="bbox 288 333 984 416">
     <span class='ocr_line' id='line_1_1' title="bbox 288 333 984 416; baseline 0.001 -20"><span class='ocrx_word' id='word_1_1' title='bbox 288 336 349 398; x_wconf 75' lang='lat' dir='ltr'><strong><em>ooo</em></strong></span> <span class='ocrx_word' id='word_1_2' title='bbox 718 370 762 382; x_wconf 90' lang='lat'>-</span> <span class='ocrx_word' id='word_1_3' title='bbox 809 333 892 416; x_wconf 78' lang='lat' dir='ltr'><strong>[ono]</strong></span> <span class='ocrx_word' id='word_1_4' title='bbox 941 371 984 380; x_wconf 95' lang='lat'>-</span> 
     </span>
    </p>
   </div>
   <div class='ocr_carea' id='block_1_2' title="bbox 279 520 1474 4119">
    <p class='ocr_par' dir='ltr' id='par_1_2' title="bbox 286 520 1418 711">
     <span class='ocr_line' id='line_1_2' title="bbox 287 520 1418 607; baseline -0.002 -21"><span class='ocrx_word' id='word_1_5' title='bbox 287 521 381 587; x_wconf 85' lang='lat' dir='ltr'><strong>huius</strong></span> <span class='ocrx_word' id='word_1_6' title='bbox 410 521 486 587; x_wconf 91' lang='lat' dir='ltr'><strong>doni</strong></span> <span class='ocrx_word' id='word_1_7' title='bbox 518 521 729 607; x_wconf 83' lang='lat' dir='ltr'><strong>philosophus</strong></span> <span class='ocrx_word' id='word_1_8' title='bbox 762 521 1010 606; x_wconf 72' lang='lat' dir='ltr'><strong>praedicaverit.</strong></span> <span class='ocrx_word' id='word_1_9' title='bbox 1058 521 1170 587; x_wconf 81' lang='lat' dir='ltr'><strong>Scribo</strong></span> <span class='ocrx_word' id='word_1_10' title='bbox 1199 527 1273 597; x_wconf 83' lang='grc' dir='ltr'><strong><em>πῶς</em></strong></span> <span class='ocrx_word' id='word_1_11' title='bbox 1301 520 1334 586; x_wconf 83' lang='grc' dir='ltr'><strong><em>δὲ</em></strong></span> <span class='ocrx_word' id='word_1_12' title='bbox 1365 527 1418 606; x_wconf 67' lang='grc' dir='ltr'><strong><em>τῆς</em></strong></span> 
     </span>
     <span class='ocr_line' id='line_1_3' title="bbox 286 619 1180 711; baseline 0 -23"><span class='ocrx_word' id='word_1_13' title='bbox 286 623 414 710; x_wconf 87' lang='grc' dir='ltr'><strong><em>δωρεᾶς</em></strong></span> <span class='ocrx_word' id='word_1_14' title='bbox 436 621 591 711; x_wconf 79' lang='grc' dir='ltr'><strong><em>ταύτης</em></strong></span> <span class='ocrx_word' id='word_1_15' title='bbox 613 619 689 690; x_wconf 87' lang='grc' dir='ltr'><strong><em>είπε</em></strong></span> <span class='ocrx_word' id='word_1_16' title='bbox 712 622 750 690; x_wconf 88' lang='grc' dir='ltr'><strong><em>τὸ</em></strong></span> <span class='ocrx_word' id='word_1_17' title='bbox 773 629 930 710; x_wconf 74' lang='grc' dir='ltr'><strong><em>μέγεθος,</em></strong></span> <span class='ocrx_word' id='word_1_18' title='bbox 958 621 1180 706; x_wconf 80' lang='grc' dir='ltr'><strong><em>ἐξετάσωμεν.</em></strong></span> 
     </span>
    </p>

    <p class='ocr_par' dir='ltr' id='par_1_3' title="bbox 282 725 1421 1745">
     <span class='ocr_line' id='line_1_4' title="bbox 370 725 1414 816; baseline -0.002 -25"><span class='ocrx_word' id='word_1_19' title='bbox 370 749 402 813; x_wconf 92' lang='lat' dir='ltr'><strong><em>p.</em></strong></span> <span class='ocrx_word' id='word_1_20' title='bbox 424 730 550 792; x_wconf 70' lang='lat' dir='ltr'><strong><em>totnss</em></strong></span> <span class='ocrx_word' id='word_1_21' title='bbox 573 727 615 792; x_wconf 75' lang='grc' dir='ltr'><strong><em>Εἴ</em></strong></span> <span class='ocrx_word' id='word_1_22' title='bbox 635 751 686 804; x_wconf 91' lang='grc' dir='ltr'><strong><em>τις</em></strong></span> <span class='ocrx_word' id='word_1_23' title='bbox 708 725 911 816; x_wconf 89' lang='grc' dir='ltr'><strong><em>βουλήσεται</em></strong></span> <span class='ocrx_word' id='word_1_24' title='bbox 933 725 1150 813; x_wconf 75' lang='grc' dir='ltr'><strong><em>παράδειγμα</em></strong></span> <span class='ocrx_word' id='word_1_25' title='bbox 1179 728 1330 808; x_wconf 84' lang='grc' dir='ltr'><strong><em>λαβεῖν</em></strong></span> <span class='ocrx_word' id='word_1_26' title='bbox 1359 727 1414 792; x_wconf 80' lang='lat' dir='ltr'><strong>iao.</strong></span> 
     </span>
     <span class='ocr_line' id='line_1_5' title="bbox 288 825 1419 920; baseline -0.001 -25"><span class='ocrx_word' id='word_1_27' title='bbox 288 835 325 896; x_wconf 83' lang='lat'><strong><em>15</em></strong></span> <span class='ocrx_word' id='word_1_28' title='bbox 349 830 410 897; x_wconf 86' lang='lat' dir='ltr'>litt.</span> <span class='ocrx_word' id='word_1_29' title='bbox 436 836 565 918; x_wconf 82' lang='grc' dir='ltr'><em>μένης</em></span> <span class='ocrx_word' id='word_1_30' title='bbox 594 832 763 914; x_wconf 83' lang='grc' dir='ltr'><strong><em>λέξεως,</em></strong></span> <span class='ocrx_word' id='word_1_31' title='bbox 794 825 813 920; x_wconf 88' lang='grc' dir='ltr'><strong><em>ή</em></strong></span> <span class='ocrx_word' id='word_1_32' title='bbox 837 838 898 899; x_wconf 85' lang='grc' dir='ltr'><strong><em>τοῦ</em></strong></span> <span class='ocrx_word' id='word_1_33' title='bbox 919 839 1054 919; x_wconf 79' lang='grc' dir='ltr'><strong><em>καρποῦ</em></strong></span> <span class='ocrx_word' id='word_1_34' title='bbox 1075 830 1120 918; x_wconf 87' lang='grc' dir='ltr'><strong><em>μή</em></strong></span> <span class='ocrx_word' id='word_1_35' title='bbox 1145 828 1355 918; x_wconf 74' lang='grc' dir='ltr'><strong><em>φθονήσασα</em></strong></span> <span class='ocrx_word' id='word_1_36' title='bbox 1383 837 1419 917; x_wconf 78' lang='grc' dir='ltr'><strong><em>μή</em></strong></span> 
     </span>
     <span class='ocr_line' id='line_1_6' title="bbox 285 928 1421 1022; baseline 0.002 -24"><span class='ocrx_word' id='word_1_37' title='bbox 285 928 361 1016; x_wconf 82' lang='grc' dir='ltr'><strong><em>οῦχί</em></strong></span> <span class='ocrx_word' id='word_1_38' title='bbox 372 937 390 1017; x_wconf 84' lang='lat'><strong><em>¹)</em></strong></span> <span class='ocrx_word' id='word_1_39' title='bbox 418 931 532 1022; x_wconf 84' lang='grc' dir='ltr'><strong><em>πρώτη</em></strong></span> <span class='ocrx_word' id='word_1_40' title='bbox 556 939 816 1020; x_wconf 89' lang='grc' dir='ltr'><strong><em>παρακείσεται;</em></strong></span> <span class='ocrx_word' id='word_1_41' title='bbox 844 934 919 1018; x_wconf 78' lang='grc' dir='ltr'><strong><em>ἐμοί</em></strong></span> <span class='ocrx_word' id='word_1_42' title='bbox 941 936 1005 1019; x_wconf 84' lang='grc' dir='ltr'><strong><em>μέν</em></strong></span> <span class='ocrx_word' id='word_1_43' title='bbox 1029 931 1092 1020; x_wconf 78' lang='grc' dir='ltr'><strong><em>γὰρ</em></strong></span> <span class='ocrx_word' id='word_1_44' title='bbox 1117 935 1209 1000; x_wconf 87' lang='grc' dir='ltr'><strong><em>δοκεῖ</em></strong></span> <span class='ocrx_word' id='word_1_45' title='bbox 1229 935 1279 1000; x_wconf 84' lang='lat' dir='ltr'><strong><em>M:</em></strong></span> <span class='ocrx_word' id='word_1_46' title='bbox 1306 936 1421 1017; x_wconf 88' lang='grc' dir='ltr'><strong><em>λαβεῖν</em></strong></span> 
     </span>
     <span class='ocr_line' id='line_1_7' title="bbox 284 1037 1420 1124; baseline 0.003 -24"><span class='ocrx_word' id='word_1_47' title='bbox 284 1041 388 1124; x_wconf 84' lang='grc' dir='ltr'><strong><em>μένην</em></strong></span> <span class='ocrx_word' id='word_1_48' title='bbox 402 1037 524 1116; x_wconf 81' lang='grc' dir='ltr'><strong><em>λέξεως</em></strong></span> <span class='ocrx_word' id='word_1_49' title='bbox 538 1039 577 1103; x_wconf 84' lang='grc' dir='ltr'><strong><em>Β.</em></strong></span> <span class='ocrx_word' id='word_1_50' title='bbox 618 1039 730 1122; x_wconf 83' lang='lat' dir='ltr'>Neque</span> <span class='ocrx_word' id='word_1_51' title='bbox 745 1039 869 1106; x_wconf 84' lang='lat' dir='ltr'><strong>Reiskii</strong></span> <span class='ocrx_word' id='word_1_52' title='bbox 884 1040 1086 1106; x_wconf 80' lang='lat' dir='ltr'><strong><em>oonieotorae</em></strong></span> <span class='ocrx_word' id='word_1_53' title='bbox 1100 1039 1230 1123; x_wconf 82' lang='lat' dir='ltr'><strong><em>plaoent</em></strong></span> <span class='ocrx_word' id='word_1_54' title='bbox 1244 1043 1351 1124; x_wconf 86' lang='grc' dir='ltr'><strong><em>μέσης</em></strong></span> <span class='ocrx_word' id='word_1_55' title='bbox 1371 1039 1420 1104; x_wconf 86' lang='lat' dir='ltr'><strong><em>vel</em></strong></span> 
     </span>
     <span class='ocr_line' id='line_1_8' title="bbox 285 1130 1420 1228; baseline 0.003 -25"><span class='ocrx_word' id='word_1_56' title='bbox 285 1134 460 1226; x_wconf 80' lang='grc' dir='ltr'><strong><em>ἀνειμένης</em></strong></span> <span class='ocrx_word' id='word_1_57' title='bbox 482 1141 534 1207; x_wconf 84' lang='lat' dir='ltr'><strong><em>vel</em></strong></span> <span class='ocrx_word' id='word_1_58' title='bbox 549 1141 642 1228; x_wconf 81' lang='grc' dir='ltr'><strong><em>λιτῆς</em></strong></span> <span class='ocrx_word' id='word_1_59' title='bbox 663 1161 768 1224; x_wconf 84' lang='lat' dir='ltr'>neque</span> <span class='ocrx_word' id='word_1_60' title='bbox 784 1141 948 1227; x_wconf 80' lang='lat' dir='ltr'><strong>Sylborgii</strong></span> <span class='ocrx_word' id='word_1_61' title='bbox 974 1130 1012 1208; x_wconf 82' lang='grc' dir='ltr'><strong><em>εὖ</em></strong></span> <span class='ocrx_word' id='word_1_62' title='bbox 1027 1146 1192 1228; x_wconf 82' lang='grc' dir='ltr'><strong><em>κειμένης.</em></strong></span> <span class='ocrx_word' id='word_1_63' title='bbox 1239 1141 1327 1206; x_wconf 87' lang='lat' dir='ltr'><strong><em>Num</em></strong></span> <span class='ocrx_word' id='word_1_64' title='bbox 1342 1141 1420 1206; x_wconf 85' lang='lat' dir='ltr'>forte</span> 
     </span>
     <span class='ocr_line' id='line_1_9' title="bbox 284 1240 1419 1334; baseline -0.002 -26"><span class='ocrx_word' id='word_1_65' title='bbox 284 1242 345 1309; x_wconf 84' lang='lat' dir='ltr'><strong><em>fuit</em></strong></span> <span class='ocrx_word' id='word_1_66' title='bbox 359 1240 577 1330; x_wconf 74' lang='grc' dir='ltr'><strong><em>παράδειγμα</em></strong></span> <span class='ocrx_word' id='word_1_67' title='bbox 592 1246 710 1328; x_wconf 79' lang='grc' dir='ltr'><strong><em>λαβεῖν</em></strong></span> <span class='ocrx_word' id='word_1_68' title='bbox 724 1243 1035 1332; x_wconf 81' lang='grc' dir='ltr'><strong><em>(μειρακιωδῶς</em></strong></span> <span class='ocrx_word' id='word_1_69' title='bbox 1056 1244 1269 1334; x_wconf 84' lang='grc' dir='ltr'><strong><em>είρη&gt;μένης</em></strong></span> <span class='ocrx_word' id='word_1_70' title='bbox 1281 1245 1419 1324; x_wconf 64' lang='grc' dir='ltr'><strong><em>λέξεωςῗ</em></strong></span> 
     </span>
     <span class='ocr_line' id='line_1_10' title="bbox 282 1347 1419 1433; baseline 0.002 -21"><span class='ocrx_word' id='word_1_71' title='bbox 282 1347 396 1413; x_wconf 80' lang='lat' dir='ltr'>Paullo</span> <span class='ocrx_word' id='word_1_72' title='bbox 419 1348 503 1412; x_wconf 90' lang='lat' dir='ltr'><strong><em>enim</em></strong></span> <span class='ocrx_word' id='word_1_73' title='bbox 525 1347 610 1414; x_wconf 77' lang='lat' dir='ltr'><strong>inire</strong></span> <span class='ocrx_word' id='word_1_74' title='bbox 631 1369 664 1433; x_wconf 89' lang='lat' dir='ltr'><strong><em>p.</em></strong></span> <span class='ocrx_word' id='word_1_75' title='bbox 685 1351 812 1414; x_wconf 78' lang='lat' dir='ltr'>1043tss</span> <span class='ocrx_word' id='word_1_76' title='bbox 842 1349 972 1432; x_wconf 80' lang='lat' dir='ltr'><strong>singula</strong></span> <span class='ocrx_word' id='word_1_77' title='bbox 993 1350 1074 1416; x_wconf 79' lang='lat' dir='ltr'><strong>vitio</strong></span> <span class='ocrx_word' id='word_1_78' title='bbox 1101 1349 1242 1416; x_wconf 79' lang='lat' dir='ltr'><strong><em>breviter</em></strong></span> <span class='ocrx_word' id='word_1_79' title='bbox 1264 1348 1419 1432; x_wconf 80' lang='lat' dir='ltr'><strong>colligens</strong></span> 
     </span>
     <span class='ocr_line' id='line_1_11' title="bbox 282 1447 1419 1538; baseline 0.001 -23"><span class='ocrx_word' id='word_1_80' title='bbox 282 1451 328 1515; x_wconf 81' lang='lat' dir='ltr'><strong><em>ita</em></strong></span> <span class='ocrx_word' id='word_1_81' title='bbox 344 1451 534 1536; x_wconf 78' lang='lat' dir='ltr'><strong>Dionysius:</strong></span> <span class='ocrx_word' id='word_1_82' title='bbox 562 1453 620 1517; x_wconf 85' lang='grc' dir='ltr'><strong><em>καί</em></strong></span> <span class='ocrx_word' id='word_1_83' title='bbox 641 1456 675 1516; x_wconf 85' lang='grc' dir='ltr'><strong><em>τί</em></strong></span> <span class='ocrx_word' id='word_1_84' title='bbox 696 1451 748 1518; x_wconf 89' lang='grc' dir='ltr'><strong><em>δεῖ</em></strong></span> <span class='ocrx_word' id='word_1_85' title='bbox 769 1449 812 1516; x_wconf 85' lang='grc' dir='ltr'><strong><em>τὰ</em></strong></span> <span class='ocrx_word' id='word_1_86' title='bbox 834 1453 941 1518; x_wconf 81' lang='grc' dir='ltr'><strong><em>πλείω</em></strong></span> <span class='ocrx_word' id='word_1_87' title='bbox 964 1454 1090 1538; x_wconf 76' lang='grc' dir='ltr'><strong><em>λέγειν;</em></strong></span> <span class='ocrx_word' id='word_1_88' title='bbox 1117 1447 1161 1518; x_wconf 77' lang='grc' dir='ltr'><strong><em>δι’</em></strong></span> <span class='ocrx_word' id='word_1_89' title='bbox 1188 1447 1270 1518; x_wconf 81' lang='grc' dir='ltr'><strong><em>ὅλου</em></strong></span> <span class='ocrx_word' id='word_1_90' title='bbox 1292 1449 1359 1537; x_wconf 76' lang='grc' dir='ltr'><strong><em>γὰρ</em></strong></span> <span class='ocrx_word' id='word_1_91' title='bbox 1382 1447 1419 1516; x_wconf 85' lang='grc' dir='ltr'><strong><em>ἀν</em></strong></span> 
     </span>
     <span class='ocr_line' id='line_1_12' title="bbox 284 1547 1418 1642; baseline 0.004 -26"><span class='ocrx_word' id='word_1_92' title='bbox 284 1577 333 1630; x_wconf 86' lang='grc' dir='ltr'><strong><em>τις</em></strong></span> <span class='ocrx_word' id='word_1_93' title='bbox 355 1547 449 1640; x_wconf 79' lang='grc' dir='ltr'><strong><em>εόροι</em></strong></span> <span class='ocrx_word' id='word_1_94' title='bbox 470 1562 531 1622; x_wconf 92' lang='grc' dir='ltr'><strong><em>τοῦ</em></strong></span> <span class='ocrx_word' id='word_1_95' title='bbox 554 1551 656 1642; x_wconf 75' lang='grc' dir='ltr'><strong><em>λόγου</em></strong></span> <span class='ocrx_word' id='word_1_96' title='bbox 678 1553 909 1642; x_wconf 83' lang='grc' dir='ltr'><strong><em>πορευόμενος</em></strong></span> <span class='ocrx_word' id='word_1_97' title='bbox 931 1553 1058 1639; x_wconf 83' lang='grc' dir='ltr'><strong><em>τὰμὲν</em></strong></span> <span class='ocrx_word' id='word_1_98' title='bbox 1081 1551 1141 1622; x_wconf 85' lang='grc' dir='ltr'><strong><em>οῦκ</em></strong></span> <span class='ocrx_word' id='word_1_99' title='bbox 1168 1549 1315 1642; x_wconf 86' lang='grc' dir='ltr'><strong><em>ἀκριβῶς</em></strong></span> <span class='ocrx_word' id='word_1_100' title='bbox 1347 1551 1418 1622; x_wconf 71' lang='grc' dir='ltr'><strong><em>οῦδὲ</em></strong></span> 
     </span>
     <span class='ocr_line' id='line_1_13' title="bbox 283 1655 1377 1745; baseline 0.003 -24"><span class='ocrx_word' id='word_1_101' title='bbox 283 1658 412 1734; x_wconf 81' lang='grc' dir='ltr'><strong><em>λεπτῶς</em></strong></span> <span class='ocrx_word' id='word_1_102' title='bbox 435 1655 604 1745; x_wconf 83' lang='grc' dir='ltr'><strong><em>εἰρημένα,</em></strong></span> <span class='ocrx_word' id='word_1_103' title='bbox 631 1655 673 1723; x_wconf 83' lang='grc' dir='ltr'><strong><em>τὰ</em></strong></span> <span class='ocrx_word' id='word_1_104' title='bbox 696 1659 732 1724; x_wconf 81' lang='grc' dir='ltr'><strong><em>δὲ</em></strong></span> <span class='ocrx_word' id='word_1_105' title='bbox 754 1659 1042 1745; x_wconf 79' lang='grc' dir='ltr'><strong><em>μειρακιωδῶς</em></strong></span> <span class='ocrx_word' id='word_1_106' title='bbox 1064 1660 1121 1724; x_wconf 86' lang='grc' dir='ltr'><strong><em>καί</em></strong></span> <span class='ocrx_word' id='word_1_107' title='bbox 1143 1665 1283 1745; x_wconf 84' lang='grc' dir='ltr'><strong><em>ψυχρῶς</em></strong></span> <span class='ocrx_word' id='word_1_108' title='bbox 1304 1660 1377 1724; x_wconf 89' lang='grc' dir='ltr'><strong><em>κτλ.</em></strong></span> 
     </span>
    </p>

    <p class='ocr_par' dir='ltr' id='par_1_4' title="bbox 282 1756 1419 2470">
     <span class='ocr_line' id='line_1_14' title="bbox 368 1756 1419 1850; baseline 0.004 -26"><span class='ocrx_word' id='word_1_109' title='bbox 368 1783 401 1847; x_wconf 90' lang='lat' dir='ltr'><strong><em>p.</em></strong></span> <span class='ocrx_word' id='word_1_110' title='bbox 423 1765 534 1828; x_wconf 63' lang='lat' dir='ltr'><strong>loooes</strong></span> <span class='ocrx_word' id='word_1_111' title='bbox 563 1756 680 1848; x_wconf 78' lang='lat' dir='ltr'><strong><em>&#39;Oityo</em></strong></span> <span class='ocrx_word' id='word_1_112' title='bbox 714 1761 847 1840; x_wconf 82' lang='grc' dir='ltr'><strong><em>τούτοις</em></strong></span> <span class='ocrx_word' id='word_1_113' title='bbox 880 1761 930 1828; x_wconf 72' lang='grc' dir='ltr'><strong><em>ἔτι</em></strong></span> <span class='ocrx_word' id='word_1_114' title='bbox 963 1763 1133 1848; x_wconf 83' lang='grc' dir='ltr'><strong><em>προσθείς</em></strong></span> <span class='ocrx_word' id='word_1_115' title='bbox 1165 1763 1245 1847; x_wconf 88' lang='grc' dir='ltr'><strong><em>περί</em></strong></span> <span class='ocrx_word' id='word_1_116' title='bbox 1279 1769 1341 1850; x_wconf 77' lang='grc' dir='ltr'><strong><em>της</em></strong></span> <span class='ocrx_word' id='word_1_117' title='bbox 1371 1764 1419 1828; x_wconf 84' lang='grc' dir='ltr'><strong><em>λε’-</em></strong></span> 
     </span>
     <span class='ocr_line' id='line_1_15' title="bbox 283 1863 1417 1954; baseline 0.002 -26"><span class='ocrx_word' id='word_1_118' title='bbox 283 1865 381 1948; x_wconf 81' lang='grc' dir='ltr'><strong><em>ξεως,</em></strong></span> <span class='ocrx_word' id='word_1_119' title='bbox 416 1863 475 1931; x_wconf 75' lang='grc' dir='ltr'><strong><em>ἐπὶ</em></strong></span> <span class='ocrx_word' id='word_1_120' title='bbox 497 1864 535 1930; x_wconf 91' lang='grc' dir='ltr'><strong><em>τὸ</em></strong></span> <span class='ocrx_word' id='word_1_121' title='bbox 559 1863 852 1949; x_wconf 89' lang='grc' dir='ltr'><strong><em>καταλειπόμενον</em></strong></span> <span class='ocrx_word' id='word_1_122' title='bbox 873 1873 932 1954; x_wconf 77' lang='grc' dir='ltr'><strong><em>τῆς</em></strong></span> <span class='ocrx_word' id='word_1_123' title='bbox 954 1871 974 1930; x_wconf 87' lang='grc'><strong>4</strong></span> <span class='ocrx_word' id='word_1_124' title='bbox 997 1867 1057 1932; x_wconf 81' lang='lat' dir='ltr'>litt.</span> <span class='ocrx_word' id='word_1_125' title='bbox 1080 1865 1085 1954; x_wconf 82' lang='grc' dir='ltr'>Ι</span> <span class='ocrx_word' id='word_1_126' title='bbox 1105 1869 1215 1932; x_wconf 87' lang='grc'>8-10</span> <span class='ocrx_word' id='word_1_127' title='bbox 1238 1866 1300 1932; x_wconf 86' lang='lat' dir='ltr'>litt.</span> <span class='ocrx_word' id='word_1_128' title='bbox 1332 1871 1417 1931; x_wconf 85' lang='grc' dir='ltr'><strong><em>θεω-</em></strong></span> 
     </span>
     <span class='ocr_line' id='line_1_16' title="bbox 283 1965 1417 2056; baseline 0.001 -25"><span class='ocrx_word' id='word_1_129' title='bbox 283 1971 358 2050; x_wconf 90' lang='grc' dir='ltr'><strong><em>ρίας</em></strong></span> <span class='ocrx_word' id='word_1_130' title='bbox 379 1972 481 2054; x_wconf 85' lang='grc' dir='ltr'><strong><em>μέρος</em></strong></span> <span class='ocrx_word' id='word_1_131' title='bbox 502 1965 748 2056; x_wconf 88' lang='grc' dir='ltr'><strong><em>μεταβήσομαι.</em></strong></span> <span class='ocrx_word' id='word_1_132' title='bbox 795 1970 884 2054; x_wconf 83' lang='lat' dir='ltr'>Lego</span> <span class='ocrx_word' id='word_1_133' title='bbox 907 1968 967 2035; x_wconf 75' lang='grc' dir='ltr'><strong><em>ἐπὶ</em></strong></span> <span class='ocrx_word' id='word_1_134' title='bbox 988 1967 1024 2035; x_wconf 92' lang='grc' dir='ltr'><strong><em>τὸ</em></strong></span> <span class='ocrx_word' id='word_1_135' title='bbox 1048 1965 1345 2051; x_wconf 88' lang='grc' dir='ltr'><strong><em>καταλειπόμενον</em></strong></span> <span class='ocrx_word' id='word_1_136' title='bbox 1366 1976 1417 2055; x_wconf 75' lang='grc' dir='ltr'><strong><em>τῇς</em></strong></span> 
     </span>
     <span class='ocr_line' id='line_1_17' title="bbox 284 2069 1413 2160; baseline -0.001 -25"><span class='ocrx_word' id='word_1_137' title='bbox 284 2071 378 2153; x_wconf 91' lang='grc' dir='ltr'><strong><em>&lt;τοῦ</em></strong></span> <span class='ocrx_word' id='word_1_138' title='bbox 400 2072 602 2138; x_wconf 82' lang='grc' dir='ltr'><strong><em>λεκτικοῦ</em></strong></span> <span class='ocrx_word' id='word_1_139' title='bbox 631 2069 784 2160; x_wconf 79' lang='grc' dir='ltr'><strong><em>τόπου)</em></strong></span> <span class='ocrx_word' id='word_1_140' title='bbox 800 2077 951 2159; x_wconf 76' lang='grc' dir='ltr'><strong><em>θεωρίας</em></strong></span> <span class='ocrx_word' id='word_1_141' title='bbox 973 2076 1075 2159; x_wconf 89' lang='grc' dir='ltr'><strong><em>μέρος</em></strong></span> <span class='ocrx_word' id='word_1_142' title='bbox 1097 2069 1352 2158; x_wconf 78' lang='grc' dir='ltr'><strong><em>μεταβήσομαι,</em></strong></span> <span class='ocrx_word' id='word_1_143' title='bbox 1378 2074 1413 2138; x_wconf 86' lang='lat' dir='ltr'><strong><em>oi.</em></strong></span> 
     </span>
     <span class='ocr_line' id='line_1_18' title="bbox 282 2171 1416 2262; baseline 0.002 -26"><span class='ocrx_word' id='word_1_144' title='bbox 282 2195 313 2258; x_wconf 90' lang='lat' dir='ltr'><strong><em>p.</em></strong></span> <span class='ocrx_word' id='word_1_145' title='bbox 336 2176 461 2240; x_wconf 79' lang='lat' dir='ltr'>10581ss</span> <span class='ocrx_word' id='word_1_146' title='bbox 483 2171 652 2258; x_wconf 81' lang='grc' dir='ltr'><strong><em>βούλομαι</em></strong></span> <span class='ocrx_word' id='word_1_147' title='bbox 674 2175 710 2240; x_wconf 82' lang='grc' dir='ltr'><strong><em>δὲ</em></strong></span> <span class='ocrx_word' id='word_1_148' title='bbox 735 2172 774 2262; x_wconf 84' lang='grc' dir='ltr'><strong><em>δή</em></strong></span> <span class='ocrx_word' id='word_1_149' title='bbox 804 2176 862 2240; x_wconf 84' lang='grc' dir='ltr'><strong><em>καί</em></strong></span> <span class='ocrx_word' id='word_1_150' title='bbox 892 2176 1163 2259; x_wconf 74' lang='grc' dir='ltr'><strong><em>συλλογίσασθαι</em></strong></span> <span class='ocrx_word' id='word_1_151' title='bbox 1189 2172 1231 2240; x_wconf 84' lang='grc' dir='ltr'><strong><em>τὰ</em></strong></span> <span class='ocrx_word' id='word_1_152' title='bbox 1260 2173 1416 2262; x_wconf 80' lang='grc' dir='ltr'><strong><em>εἰρημένα</em></strong></span> 
     </span>
     <span class='ocr_line' id='line_1_19' title="bbox 283 2271 1416 2366; baseline 0.001 -25"><span class='ocrx_word' id='word_1_153' title='bbox 283 2276 318 2356; x_wconf 81' lang='grc' dir='ltr'><strong><em>ἐξ</em></strong></span> <span class='ocrx_word' id='word_1_154' title='bbox 348 2271 452 2364; x_wconf 77' lang='grc' dir='ltr'><strong><em>ἀρχῆς</em></strong></span> <span class='ocrx_word' id='word_1_155' title='bbox 474 2279 532 2343; x_wconf 86' lang='grc' dir='ltr'><strong><em>καὶ</em></strong></span> <span class='ocrx_word' id='word_1_156' title='bbox 554 2278 662 2358; x_wconf 87' lang='grc' dir='ltr'><strong><em>δεῖξαι</em></strong></span> <span class='ocrx_word' id='word_1_157' title='bbox 685 2272 800 2345; x_wconf 84' lang='grc' dir='ltr'><strong><em>πάνθ’</em></strong></span> <span class='ocrx_word' id='word_1_158' title='bbox 819 2273 884 2344; x_wconf 80' lang='grc' dir='ltr'><strong><em>ὅσα</em></strong></span> <span class='ocrx_word' id='word_1_159' title='bbox 905 2272 1105 2366; x_wconf 80' lang='grc' dir='ltr'><strong><em>ὑπεσχόμην</em></strong></span> <span class='ocrx_word' id='word_1_160' title='bbox 1135 2272 1324 2364; x_wconf 84' lang='grc' dir='ltr'><strong><em>ἀρχόμενος</em></strong></span> <span class='ocrx_word' id='word_1_161' title='bbox 1355 2286 1416 2364; x_wconf 71' lang='grc' dir='ltr'><strong><em>τῆς</em></strong></span> 
     </span>
     <span class='ocr_line' id='line_1_20' title="bbox 283 2378 1368 2470; baseline 0 -26"><span class='ocrx_word' id='word_1_162' title='bbox 283 2384 468 2466; x_wconf 87' lang='grc' dir='ltr'><strong><em>θεωρίας</em></strong></span> <span class='ocrx_word' id='word_1_163' title='bbox 491 2389 563 2447; x_wconf 90' lang='grc' dir='ltr'><strong><em>τοῦ</em></strong></span> <span class='ocrx_word' id='word_1_164' title='bbox 586 2383 788 2448; x_wconf 86' lang='grc' dir='ltr'><strong><em>λεκτικοῦ</em></strong></span> <span class='ocrx_word' id='word_1_165' title='bbox 810 2379 948 2448; x_wconf 90' lang='grc' dir='ltr'><strong><em>τόπου</em></strong></span> <span class='ocrx_word' id='word_1_166' title='bbox 970 2378 1184 2470; x_wconf 89' lang='grc' dir='ltr'><strong><em>πεποιηκότα</em></strong></span> <span class='ocrx_word' id='word_1_167' title='bbox 1208 2379 1368 2464; x_wconf 80' lang='grc' dir='ltr'><strong><em>ἐμαυτόν.</em></strong></span> 
     </span>
    </p>

    <p class='ocr_par' dir='ltr' id='par_1_5' title="bbox 279 2478 1474 4119">
     <span class='ocr_line' id='line_1_21' title="bbox 366 2478 1474 2573; baseline -0.001 -26"><span class='ocrx_word' id='word_1_168' title='bbox 366 2503 399 2567; x_wconf 90' lang='lat' dir='ltr'><strong><em>p.</em></strong></span> <span class='ocrx_word' id='word_1_169' title='bbox 420 2487 561 2550; x_wconf 74' lang='lat' dir='ltr'><strong>tooooss</strong></span> <span class='ocrx_word' id='word_1_170' title='bbox 583 2490 688 2550; x_wconf 89' lang='grc' dir='ltr'><strong><em>Δοκεῖ</em></strong></span> <span class='ocrx_word' id='word_1_171' title='bbox 710 2483 749 2572; x_wconf 90' lang='grc' dir='ltr'><strong><em>δή</em></strong></span> <span class='ocrx_word' id='word_1_172' title='bbox 776 2508 836 2569; x_wconf 93' lang='grc' dir='ltr'><strong><em>μοι</em></strong></span> <span class='ocrx_word' id='word_1_173' title='bbox 864 2492 929 2551; x_wconf 93' lang='grc' dir='ltr'><strong><em>τῶν</em></strong></span> <span class='ocrx_word' id='word_1_174' title='bbox 957 2485 1021 2567; x_wconf 82' lang='grc' dir='ltr'><strong><em>μὲν</em></strong></span> <span class='ocrx_word' id='word_1_175' title='bbox 1048 2478 1163 2573; x_wconf 78' lang='grc' dir='ltr'><strong><em>ὑψηλῇ</em></strong></span> <span class='ocrx_word' id='word_1_176' title='bbox 1193 2485 1251 2549; x_wconf 87' lang='grc' dir='ltr'><strong><em>καὶ</em></strong></span> <span class='ocrx_word' id='word_1_177' title='bbox 1280 2490 1413 2570; x_wconf 74' lang='grc' dir='ltr'><strong><em>περιττή</em></strong></span> <span class='ocrx_word' id='word_1_178' title='bbox 1473 2541 1474 2546; x_wconf 73' lang='grc'>,</span> 
     </span>
     <span class='ocr_line' id='line_1_22' title="bbox 281 2575 1474 2676; baseline 0.003 -27"><span class='ocrx_word' id='word_1_179' title='bbox 281 2587 337 2650; x_wconf 84' lang='grc' dir='ltr'><strong><em>καί</em></strong></span> <span class='ocrx_word' id='word_1_180' title='bbox 360 2583 586 2673; x_wconf 69' lang='grc' dir='ltr'><strong><em>ἐξηλλαγμένη</em></strong></span> <span class='ocrx_word' id='word_1_181' title='bbox 610 2585 683 2676; x_wconf 82' lang='grc' dir='ltr'><strong><em>(τῇ)</em></strong></span> <span class='ocrx_word' id='word_1_182' title='bbox 700 2589 788 2667; x_wconf 82' lang='grc' dir='ltr'><strong><em>λέξει</em></strong></span> <span class='ocrx_word' id='word_1_183' title='bbox 808 2594 1024 2676; x_wconf 84' lang='grc' dir='ltr'><strong><em>κεχρημένων</em></strong></span> <span class='ocrx_word' id='word_1_184' title='bbox 1045 2584 1131 2653; x_wconf 83' lang='grc' dir='ltr'><strong><em>κατὰ</em></strong></span> <span class='ocrx_word' id='word_1_185' title='bbox 1153 2585 1191 2654; x_wconf 89' lang='grc' dir='ltr'><strong><em>τό</em></strong></span> <span class='ocrx_word' id='word_1_186' title='bbox 1208 2592 1415 2674; x_wconf 86' lang='grc' dir='ltr'><strong><em>σαφέστερον</em></strong></span> <span class='ocrx_word' id='word_1_187' title='bbox 1473 2575 1474 2596; x_wconf 61' lang='grc'>’</span> 
     </span>
     <span class='ocr_line' id='line_1_23' title="bbox 281 2684 1413 2779; baseline 0.002 -26"><span class='ocrx_word' id='word_1_188' title='bbox 281 2689 338 2754; x_wconf 85' lang='grc' dir='ltr'><strong><em>καὶ</em></strong></span> <span class='ocrx_word' id='word_1_189' title='bbox 360 2686 555 2778; x_wconf 87' lang='grc' dir='ltr'><strong><em>κοινότερον</em></strong></span> <span class='ocrx_word' id='word_1_190' title='bbox 577 2698 616 2777; x_wconf 82' lang='grc' dir='ltr'><strong><em>τῇ</em></strong></span> <span class='ocrx_word' id='word_1_191' title='bbox 639 2689 798 2778; x_wconf 78' lang='grc' dir='ltr'><strong><em>ἑρμηνείᾳ</em></strong></span> <span class='ocrx_word' id='word_1_192' title='bbox 817 2696 1007 2779; x_wconf 74' lang='grc' dir='ltr'><strong><em>κεχρῆσθαι</em></strong></span> <span class='ocrx_word' id='word_1_193' title='bbox 1021 2686 1185 2776; x_wconf 80' lang='grc' dir='ltr'><strong><em>προῦχειν</em></strong></span> <span class='ocrx_word' id='word_1_194' title='bbox 1201 2684 1218 2756; x_wconf 88' lang='grc' dir='ltr'><strong><em>ό</em></strong></span> <span class='ocrx_word' id='word_1_195' title='bbox 1235 2695 1413 2778; x_wconf 82' lang='grc' dir='ltr'><strong><em>Δημοσθέ-</em></strong></span> 
     </span>
     <span class='ocr_line' id='line_1_24' title="bbox 283 2789 1413 2880; baseline 0.002 -24"><span class='ocrx_word' id='word_1_196' title='bbox 283 2816 349 2880; x_wconf 87' lang='grc' dir='ltr'><strong><em>νης,</em></strong></span> <span class='ocrx_word' id='word_1_197' title='bbox 384 2789 513 2860; x_wconf 83' lang='grc' dir='ltr'><strong><em>τούτων</em></strong></span> <span class='ocrx_word' id='word_1_198' title='bbox 540 2790 603 2879; x_wconf 79' lang='grc' dir='ltr'><strong><em>γὰρ</em></strong></span> <span class='ocrx_word' id='word_1_199' title='bbox 634 2792 670 2860; x_wconf 80' lang='grc' dir='ltr'><strong><em>ἐν</em></strong></span> <span class='ocrx_word' id='word_1_200' title='bbox 700 2792 794 2880; x_wconf 80' lang='grc' dir='ltr'><strong><em>πάσῃ</em></strong></span> <span class='ocrx_word' id='word_1_201' title='bbox 823 2801 1011 2880; x_wconf 75' lang='grc' dir='ltr'><strong><em>κατασκευῇ</em></strong></span> <span class='ocrx_word' id='word_1_202' title='bbox 1040 2791 1243 2876; x_wconf 79' lang='grc' dir='ltr'><strong><em>στοχάζεται</em></strong></span> <span class='ocrx_word' id='word_1_203' title='bbox 1272 2798 1413 2879; x_wconf 81' lang='grc' dir='ltr'><strong><em>μέγεθος</em></strong></span> 
     </span>
     <span class='ocr_line' id='line_1_25' title="bbox 282 2891 1412 2987; baseline 0 -27"><span class='ocrx_word' id='word_1_204' title='bbox 282 2894 402 2982; x_wconf 81' lang='grc' dir='ltr'><strong><em>ἐχοόση</em></strong></span> <span class='ocrx_word' id='word_1_205' title='bbox 426 2897 482 2962; x_wconf 85' lang='grc' dir='ltr'><strong><em>καί</em></strong></span> <span class='ocrx_word' id='word_1_206' title='bbox 505 2893 644 2974; x_wconf 81' lang='grc' dir='ltr'><strong><em>ταύταις</em></strong></span> <span class='ocrx_word' id='word_1_207' title='bbox 666 2903 825 2987; x_wconf 87' lang='grc' dir='ltr'><strong><em>κέχρηται</em></strong></span> <span class='ocrx_word' id='word_1_208' title='bbox 850 2893 1259 2986; x_wconf 85' lang='grc' dir='ltr'><strong><em>χαρακτηριστικωτάταις</em></strong></span> <span class='ocrx_word' id='word_1_209' title='bbox 1284 2891 1412 2983; x_wconf 82' lang='grc' dir='ltr'><strong><em>ἀρεταῖς</em></strong></span> 
     </span>
     <span class='ocr_line' id='line_1_26' title="bbox 282 2994 1409 3090; baseline -0.003 -26"><span class='ocrx_word' id='word_1_210' title='bbox 282 2999 339 3064; x_wconf 81' lang='grc' dir='ltr'><strong><em>ἐπὶ</em></strong></span> <span class='ocrx_word' id='word_1_211' title='bbox 361 3007 419 3087; x_wconf 81' lang='grc' dir='ltr'><strong><em>της</em></strong></span> <span class='ocrx_word' id='word_1_212' title='bbox 441 2994 574 3090; x_wconf 79' lang='grc' dir='ltr'><strong><em>ὑψηλῆς</em></strong></span> <span class='ocrx_word' id='word_1_213' title='bbox 596 3002 653 3066; x_wconf 84' lang='grc' dir='ltr'><strong><em>καί</em></strong></span> <span class='ocrx_word' id='word_1_214' title='bbox 675 3002 909 3087; x_wconf 88' lang='grc' dir='ltr'><strong><em>ξενοπρεποῦς</em></strong></span> <span class='ocrx_word' id='word_1_215' title='bbox 932 2995 1119 3084; x_wconf 90' lang='grc' dir='ltr'><strong><em>όνομασίας</em></strong></span> <span class='ocrx_word' id='word_1_216' title='bbox 1141 2995 1185 3077; x_wconf 77' lang='grc' dir='ltr'><strong><em>ὥς</em></strong></span> <span class='ocrx_word' id='word_1_217' title='bbox 1204 3025 1241 3086; x_wconf 85' lang='grc' dir='ltr'><strong><em>χε</em></strong></span> <span class='ocrx_word' id='word_1_218' title='bbox 1256 3000 1409 3083; x_wconf 80' lang='grc' dir='ltr'><strong><em>μάλιστα.</em></strong></span> 
     </span>
     <span class='ocr_line' id='line_1_27' title="bbox 282 3102 1409 3192; baseline 0.003 -26"><span class='ocrx_word' id='word_1_219' title='bbox 282 3103 386 3169; x_wconf 81' lang='lat' dir='ltr'>Verba</span> <span class='ocrx_word' id='word_1_220' title='bbox 408 3111 446 3190; x_wconf 70' lang='grc' dir='ltr'><strong><em>τῇ</em></strong></span> <span class='ocrx_word' id='word_1_221' title='bbox 474 3102 635 3192; x_wconf 75' lang='grc' dir='ltr'><strong><em>ἑρμηνεία</em></strong></span> <span class='ocrx_word' id='word_1_222' title='bbox 662 3110 851 3192; x_wconf 77' lang='grc' dir='ltr'><strong><em>κεχρῆσθαι</em></strong></span> <span class='ocrx_word' id='word_1_223' title='bbox 872 3105 1021 3192; x_wconf 84' lang='lat' dir='ltr'><strong>Dionysii</strong></span> <span class='ocrx_word' id='word_1_224' title='bbox 1049 3125 1115 3170; x_wconf 91' lang='lat' dir='ltr'><strong><em>non</em></strong></span> <span class='ocrx_word' id='word_1_225' title='bbox 1146 3113 1230 3170; x_wconf 86' lang='lat' dir='ltr'><strong>sunt.</strong></span> <span class='ocrx_word' id='word_1_226' title='bbox 1278 3106 1409 3170; x_wconf 87' lang='lat' dir='ltr'><strong>Primum</strong></span> 
     </span>
     <span class='ocr_line' id='line_1_28' title="bbox 283 3206 1473 3294; baseline -0.003 -22"><span class='ocrx_word' id='word_1_227' title='bbox 283 3207 366 3272; x_wconf 86' lang='lat' dir='ltr'><strong><em>enim</em></strong></span> <span class='ocrx_word' id='word_1_228' title='bbox 383 3206 527 3289; x_wconf 85' lang='lat' dir='ltr'><strong><em>offendit,</em></strong></span> <span class='ocrx_word' id='word_1_229' title='bbox 553 3208 638 3292; x_wconf 85' lang='lat' dir='ltr'><strong>qood</strong></span> <span class='ocrx_word' id='word_1_230' title='bbox 653 3228 846 3292; x_wconf 81' lang='lat' dir='ltr'>praegresso</span> <span class='ocrx_word' id='word_1_231' title='bbox 862 3209 1029 3294; x_wconf 77' lang='lat' dir='ltr'><strong>participio</strong></span> <span class='ocrx_word' id='word_1_232' title='bbox 1044 3211 1259 3294; x_wconf 86' lang='grc' dir='ltr'><strong><em>κεχρημένων</em></strong></span> <span class='ocrx_word' id='word_1_233' title='bbox 1275 3207 1408 3274; x_wconf 83' lang='lat' dir='ltr'>eiusdem</span> <span class='ocrx_word' id='word_1_234' title='bbox 1472 3247 1473 3268; x_wconf 37' lang='grc' dir='ltr'><strong><em>ι</em></strong></span> 
     </span>
     <span class='ocr_line' id='line_1_29' title="bbox 280 3310 1408 3398; baseline -0.001 -23"><span class='ocrx_word' id='word_1_235' title='bbox 280 3310 369 3376; x_wconf 85' lang='lat' dir='ltr'>verbi</span> <span class='ocrx_word' id='word_1_236' title='bbox 390 3310 567 3377; x_wconf 88' lang='lat' dir='ltr'><strong>infinitivus</strong></span> <span class='ocrx_word' id='word_1_237' title='bbox 591 3316 779 3398; x_wconf 77' lang='grc' dir='ltr'><strong><em>κεχρῆσθαι</em></strong></span> <span class='ocrx_word' id='word_1_238' title='bbox 800 3312 953 3396; x_wconf 83' lang='lat' dir='ltr'>sequitur.</span> <span class='ocrx_word' id='word_1_239' title='bbox 994 3312 1134 3376; x_wconf 81' lang='lat' dir='ltr'><strong>Maxime</strong></span> <span class='ocrx_word' id='word_1_240' title='bbox 1152 3317 1261 3377; x_wconf 81' lang='lat' dir='ltr'>antem</span> <span class='ocrx_word' id='word_1_241' title='bbox 1276 3311 1408 3395; x_wconf 71' lang='lat' dir='ltr'><strong><em>genitivo</em></strong></span> 
     </span>
     <span class='ocr_line' id='line_1_30' title="bbox 281 3409 1407 3500; baseline 0 -25"><span class='ocrx_word' id='word_1_242' title='bbox 281 3409 410 3478; x_wconf 81' lang='grc' dir='ltr'><strong><em>τούτων</em></strong></span> <span class='ocrx_word' id='word_1_243' title='bbox 431 3414 541 3498; x_wconf 83' lang='lat' dir='ltr'><strong>spuria</strong></span> <span class='ocrx_word' id='word_1_244' title='bbox 564 3435 603 3481; x_wconf 84' lang='lat' dir='ltr'><strong><em>ea</em></strong></span> <span class='ocrx_word' id='word_1_245' title='bbox 626 3434 699 3481; x_wconf 82' lang='lat' dir='ltr'>esse</span> <span class='ocrx_word' id='word_1_246' title='bbox 721 3415 883 3500; x_wconf 82' lang='lat' dir='ltr'>probatur.</span> <span class='ocrx_word' id='word_1_247' title='bbox 932 3410 1071 3480; x_wconf 83' lang='grc' dir='ltr'><strong><em>Τούτων</em></strong></span> <span class='ocrx_word' id='word_1_248' title='bbox 1092 3414 1177 3479; x_wconf 87' lang='lat' dir='ltr'><strong><em>enim</em></strong></span> <span class='ocrx_word' id='word_1_249' title='bbox 1201 3421 1250 3481; x_wconf 79' lang='lat' dir='ltr'><strong><em>est</em></strong></span> <span class='ocrx_word' id='word_1_250' title='bbox 1272 3419 1333 3479; x_wconf 85' lang='grc' dir='ltr'><strong><em>τοῦ</em></strong></span> <span class='ocrx_word' id='word_1_251' title='bbox 1355 3433 1407 3476; x_wconf 84' lang='grc' dir='ltr'><strong><em>σο-</em></strong></span> 
     </span>
     <span class='ocr_line' id='line_1_31' title="bbox 280 3513 1407 3603; baseline -0.002 -23"><span class='ocrx_word' id='word_1_252' title='bbox 280 3519 446 3602; x_wconf 82' lang='grc' dir='ltr'><strong><em>φεστέρου</em></strong></span> <span class='ocrx_word' id='word_1_253' title='bbox 468 3517 525 3580; x_wconf 83' lang='grc' dir='ltr'><strong><em>καὶ</em></strong></span> <span class='ocrx_word' id='word_1_254' title='bbox 547 3521 756 3603; x_wconf 82' lang='grc' dir='ltr'><strong><em>κοινοτέρου;</em></strong></span> <span class='ocrx_word' id='word_1_255' title='bbox 788 3525 822 3583; x_wconf 87' lang='lat' dir='ltr'><strong><em>at</em></strong></span> <span class='ocrx_word' id='word_1_256' title='bbox 852 3518 879 3584; x_wconf 84' lang='lat' dir='ltr'><strong><em>si</em></strong></span> <span class='ocrx_word' id='word_1_257' title='bbox 907 3519 1007 3584; x_wconf 83' lang='lat' dir='ltr'>verba</span> <span class='ocrx_word' id='word_1_258' title='bbox 1033 3513 1180 3582; x_wconf 82' lang='grc' dir='ltr'><strong><em>κατὰτὸ</em></strong></span> <span class='ocrx_word' id='word_1_259' title='bbox 1205 3521 1407 3602; x_wconf 82' lang='grc' dir='ltr'><strong><em>σαφέστερον</em></strong></span> 
     </span>
     <span class='ocr_line' id='line_1_32' title="bbox 280 3613 1406 3709; baseline -0.003 -26"><span class='ocrx_word' id='word_1_260' title='bbox 280 3619 336 3683; x_wconf 85' lang='grc' dir='ltr'><strong><em>καὶ</em></strong></span> <span class='ocrx_word' id='word_1_261' title='bbox 358 3616 552 3706; x_wconf 86' lang='grc' dir='ltr'><strong><em>κοινότερον</em></strong></span> <span class='ocrx_word' id='word_1_262' title='bbox 574 3627 613 3706; x_wconf 80' lang='grc' dir='ltr'><strong><em>τῇ</em></strong></span> <span class='ocrx_word' id='word_1_263' title='bbox 633 3618 792 3708; x_wconf 74' lang='grc' dir='ltr'><strong><em>ἑρμηνείᾳ</em></strong></span> <span class='ocrx_word' id='word_1_264' title='bbox 808 3626 997 3709; x_wconf 82' lang='grc' dir='ltr'><strong><em>κεχρῆσθαι</em></strong></span> <span class='ocrx_word' id='word_1_265' title='bbox 1019 3627 1104 3686; x_wconf 84' lang='lat' dir='ltr'>reete</span> <span class='ocrx_word' id='word_1_266' title='bbox 1120 3621 1313 3703; x_wconf 84' lang='lat' dir='ltr'>legerentur,</span> <span class='ocrx_word' id='word_1_267' title='bbox 1339 3613 1406 3682; x_wconf 89' lang='grc' dir='ltr'><strong><em>τοό-</em></strong></span> 
     </span>
     <span class='ocr_line' id='line_1_33' title="bbox 280 3719 1406 3811; baseline -0.004 -24"><span class='ocrx_word' id='word_1_268' title='bbox 280 3746 351 3801; x_wconf 87' lang='grc' dir='ltr'><strong><em>του,</em></strong></span> <span class='ocrx_word' id='word_1_269' title='bbox 376 3743 420 3789; x_wconf 85' lang='grc' dir='ltr'><strong><em>ιο.</em></strong></span> <span class='ocrx_word' id='word_1_270' title='bbox 439 3731 500 3789; x_wconf 86' lang='grc' dir='ltr'><strong><em>τοῦ</em></strong></span> <span class='ocrx_word' id='word_1_271' title='bbox 518 3773 525 3786; x_wconf 91' lang='grc'><strong>.</strong></span> <span class='ocrx_word' id='word_1_272' title='bbox 547 3775 553 3787; x_wconf 94' lang='grc'><strong>.</strong></span> <span class='ocrx_word' id='word_1_273' title='bbox 575 3775 581 3787; x_wconf 97' lang='grc'>.</span> <span class='ocrx_word' id='word_1_274' title='bbox 608 3729 797 3811; x_wconf 73' lang='grc' dir='ltr'><strong><em>κεχρῆσθαι</em></strong></span> <span class='ocrx_word' id='word_1_275' title='bbox 812 3745 886 3791; x_wconf 81' lang='lat' dir='ltr'>esse</span> <span class='ocrx_word' id='word_1_276' title='bbox 902 3725 1050 3790; x_wconf 83' lang='lat' dir='ltr'>debebat.</span> <span class='ocrx_word' id='word_1_277' title='bbox 1087 3723 1272 3790; x_wconf 86' lang='lat' dir='ltr'><strong>Genitivnm</strong></span> <span class='ocrx_word' id='word_1_278' title='bbox 1288 3719 1406 3788; x_wconf 78' lang='grc' dir='ltr'><strong><em>τοῦτον</em></strong></span> 
     </span>
     <span class='ocr_line' id='line_1_34' title="bbox 279 3823 1405 3913; baseline -0.004 -21"><span class='ocrx_word' id='word_1_279' title='bbox 279 3848 354 3895; x_wconf 88' lang='lat' dir='ltr'><strong><em>vero</em></strong></span> <span class='ocrx_word' id='word_1_280' title='bbox 376 3827 546 3912; x_wconf 83' lang='lat' dir='ltr'><strong>quominus</strong></span> <span class='ocrx_word' id='word_1_281' title='bbox 561 3828 773 3913; x_wconf 84' lang='lat' dir='ltr'>depravatum</span> <span class='ocrx_word' id='word_1_282' title='bbox 787 3835 946 3913; x_wconf 78' lang='lat' dir='ltr'><strong><em>putemne,</em></strong></span> <span class='ocrx_word' id='word_1_283' title='bbox 972 3825 1142 3912; x_wconf 80' lang='lat' dir='ltr'><strong>prohibent</strong></span> <span class='ocrx_word' id='word_1_284' title='bbox 1156 3827 1255 3893; x_wconf 80' lang='lat' dir='ltr'>verba</span> <span class='ocrx_word' id='word_1_285' title='bbox 1277 3823 1405 3896; x_wconf 79' lang='grc' dir='ltr'><strong><em>ταύταις</em></strong></span> 
     </span>
     <span class='ocr_line' id='line_1_35' title="bbox 281 3926 1403 4019; baseline -0.003 -24"><span class='ocrx_word' id='word_1_286' title='bbox 281 3983 287 3995; x_wconf 93' lang='grc'><strong>.</strong></span> <span class='ocrx_word' id='word_1_287' title='bbox 307 3983 313 3998; x_wconf 91' lang='grc'><strong>.</strong></span> <span class='ocrx_word' id='word_1_288' title='bbox 332 3983 339 3998; x_wconf 94' lang='grc'><strong>.</strong></span> <span class='ocrx_word' id='word_1_289' title='bbox 358 3926 505 4018; x_wconf 89' lang='grc' dir='ltr'><strong><em>ἀρεταῖς.</em></strong></span> <span class='ocrx_word' id='word_1_290' title='bbox 543 3931 625 3997; x_wconf 86' lang='lat' dir='ltr'><strong>Indo</strong></span> <span class='ocrx_word' id='word_1_291' title='bbox 647 3931 784 3998; x_wconf 80' lang='lat' dir='ltr'><strong><em>efficitur</em></strong></span> <span class='ocrx_word' id='word_1_292' title='bbox 799 3933 898 3997; x_wconf 83' lang='lat' dir='ltr'>verbo</span> <span class='ocrx_word' id='word_1_293' title='bbox 917 3937 957 4016; x_wconf 80' lang='grc' dir='ltr'><strong><em>τῇ</em></strong></span> <span class='ocrx_word' id='word_1_294' title='bbox 974 3929 1132 4019; x_wconf 80' lang='grc' dir='ltr'><strong><em>ἑρμηνείᾳ</em></strong></span> <span class='ocrx_word' id='word_1_295' title='bbox 1147 3934 1333 4016; x_wconf 76' lang='grc' dir='ltr'><strong><em>κεχρῆσθαι</em></strong></span> <span class='ocrx_word' id='word_1_296' title='bbox 1348 3929 1403 3993; x_wconf 84' lang='lat' dir='ltr'><strong><em>ieo-</em></strong></span> 
     </span>
     <span class='ocr_line' id='line_1_36' title="bbox 279 4034 1044 4119; baseline -0.001 -19"><span class='ocrx_word' id='word_1_297' title='bbox 279 4035 355 4101; x_wconf 85' lang='lat' dir='ltr'><strong>toris</strong></span> <span class='ocrx_word' id='word_1_298' title='bbox 377 4035 486 4101; x_wconf 80' lang='lat' dir='ltr'><strong><em>nescio</em></strong></span> <span class='ocrx_word' id='word_1_299' title='bbox 509 4035 599 4100; x_wconf 80' lang='lat' dir='ltr'><strong>euius</strong></span> <span class='ocrx_word' id='word_1_300' title='bbox 621 4034 938 4119; x_wconf 80' lang='lat' dir='ltr'><strong><em>interpretamentum</em></strong></span> <span class='ocrx_word' id='word_1_301' title='bbox 961 4049 1044 4100; x_wconf 79' lang='lat' dir='ltr'>esee.</span> 
     </span>
    </p>
   </div>
   <div class='ocr_carea' id='block_1_3' title="bbox 350 4251 919 4324">
    <p class='ocr_par' dir='ltr' id='par_1_6' title="bbox 350 4251 919 4324">
     <span class='ocr_line' id='line_1_37' title="bbox 350 4251 919 4324; baseline 0.007 -19"><span class='ocrx_word' id='word_1_302' title='bbox 350 4257 366 4319; x_wconf 79' lang='lat'><strong><em>¹]</em></strong></span> <span class='ocrx_word' id='word_1_303' title='bbox 387 4252 450 4322; x_wconf 74' lang='grc' dir='ltr'><strong><em>οὐχὶ</em></strong></span> <span class='ocrx_word' id='word_1_304' title='bbox 468 4273 523 4324; x_wconf 85' lang='lat' dir='ltr'><strong><em>mg.</em></strong></span> <span class='ocrx_word' id='word_1_305' title='bbox 544 4257 604 4311; x_wconf 80' lang='lat' dir='ltr'><strong>cod·</strong></span> <span class='ocrx_word' id='word_1_306' title='bbox 626 4255 722 4310; x_wconf 77' lang='lat' dir='ltr'><strong>Bodi:</strong></span> <span class='ocrx_word' id='word_1_307' title='bbox 745 4253 798 4324; x_wconf 77' lang='grc' dir='ltr'><strong><em>οὐχ</em></strong></span> <span class='ocrx_word' id='word_1_308' title='bbox 815 4251 831 4320; x_wconf 81' lang='grc' dir='ltr'><strong><em>ἡ</em></strong></span> <span class='ocrx_word' id='word_1_309' title='bbox 850 4255 919 4309; x_wconf 79' lang='lat' dir='ltr'><strong><em>MR.</em></strong></span> 
     </span>
    </p>
   </div>
   <div class='ocr_carea' id='block_1_4' title="bbox 0 0 1496 4884">
    <p class='ocr_par' dir='ltr' id='par_1_7' title="bbox 0 0 1496 4884">
     <span class='ocr_line' id='line_1_38' title="bbox 0 0 1496 4884; baseline 0 2"><span class='ocrx_word' id='word_1_310' title='bbox 0 0 1496 4884; x_wconf 95' lang='lat' dir='ltr'><strong><em> </em></strong></span> 
     </span>
    </p>
   </div>
  </div>
 </body>
</html>
