3048 4898
598 261 816 326 ..45—

215 437 273 501 Ex
299 437 349 501 his
371 438 508 502 numeris
531 439 672 522 intellegi
691 447 797 523 potest
814 441 981 506 nonnullos
1000 442 1160 524 poetasiu
1179 447 1280 506 metro

92 545 251 626 prioris
278 547 466 627 pentametri
495 546 596 628 partis
622 547 773 610 struendo
801 547 892 611 valde
921 546 1004 612 inter
1030 569 1065 612 se
1092 548 1278 632 discrepare.

93 649 207 716 Nam
244 651 331 735 apud
354 650 571 716 Mimnermum
599 653 695 716 tertia
723 674 794 737 pars
821 661 1092 736 pentametrorum
1120 655 1280 739 inpriore

94 765 221 840 parte
245 779 285 822 ex
304 757 387 822 binis
405 757 538 842 dactylis
557 761 765 842 componitur,
783 767 895 824 octava
912 766 1038 826 teritum
1056 783 1131 846 pers
1145 783 1184 827 ex
1198 761 1281 825 binis

94 864 298 948 spondeis3
321 884 338 927 e
361 867 517 930 contrario
540 866 625 948 apud
650 864 878 950 Xenophanem
902 873 1013 932 octava
1035 889 1109 953 pars
1133 890 1171 932 ex
1198 867 1281 934 binis

94 971 272 1054 ‹lactylis
294 976 327 1034 et
349 969 415 1063 fere
438 972 569 1036 dimidia
587 994 626 1037 ex
644 972 728 1036 binis
747 975 903 1058 spondeis.
946 975 1038 1058 Apud
1057 974 1280 1040 Archilochum

94 1079 227 1142 tertia
254 1099 329 1159 pars
352 1100 388 1142 ex
411 1078 495 1144 binis
518 1079 661 1162 dactylis,
685 1082 797 1164 quinta
819 1103 858 1144 ex
881 1080 965 1146 binis
988 1081 1148 1165 spondeis;
1171 1103 1280 1146 econ-

95 1185 233 1249 trario
264 1185 349 1268 apud
372 1185 517 1250 Solonem
545 1187 657 1270 quinta
683 1207 757 1270 pars
781 1209 820 1251 ex
842 1187 926 1252 binis
949 1187 1095 1271 dactylis,
1123 1188 1220 1252 tertia
1242 1211 1281 1252 ex

95 1293 210 1356 binis
241 1292 398 1376 spondeis.
436 1293 529 1377 Apud
552 1294 689 1377 reliquos
709 1299 819 1377 poetas
837 1295 953 1378 prioris
970 1295 1162 1378 pentametri
1180 1295 1281 1378 partis

95 1399 237 1462 forma
257 1399 391 1466 mammo
410 1401 528 1465 usitata
546 1402 744 1483 componitur
763 1421 801 1466 ex
820 1401 945 1485 dactylo
964 1402 995 1466 in
1015 1403 1117 1485 primo
1136 1407 1169 1464 et
1187 1423 1280 1484 spon-

94 1507 181 1571 deo
205 1506 248 1570 in
267 1505 369 1570 altero
388 1528 494 1572 versus
512 1508 601 1590 pede.

150 1738 187 1791 a.
219 1735 270 1792 ne
290 1737 408 1807 sputu·
426 1738 553 1806 ancipiti
573 1723 816 1796 cruentatum
836 1737 1030 1794 commissura
1049 1737 1275 1806 nasamonas

218 1863 258 1946 a)
293 1861 420 1947 Syllaba
451 1885 566 1948 anceps
597 1864 629 1928 in
657 1865 861 1929 commissura
886 1866 1077 1946 pentametri
1104 1864 1221 1946 legitur
1249 1864 1280 1925 in
1374 1895 1378 1904 ·

95 1973 168 2037 his
192 1969 361 2035 versibus:
897 2051 901 2058 η

96 2079 276 2159 Theogu.
297 2077 318 2140 2
335 2072 475 2164 λήσομαι
494 2069 677 2162 ἀρχόμενος
697 2078 702 2160 Ι
723 2069 799 2142 οὐδ’
818 2067 1088 2159 ἄποπουόμευος.

220 2183 321 2266 Apud
340 2183 511 2250 Homerum
535 2173 574 2260 ἇς
596 2183 718 2267 syllaba
739 2189 813 2248 aute
831 2183 970 2248 vocalem
989 2183 1093 2266 posita
1111 2203 1205 2264 saepe
1222 2201 1280 2263 pro

101 2297 229 2376 longa
254 2289 377 2373 syllaba
400 2292 432 2355 in
455 2291 549 2355 certis
572 2290 747 2356 hexametri
770 2289 897 2354 sedibus
916 2288 1126 2374 usurpatur.¹)
1164 2279 1280 2370 073syl-

100 2400 201 2464 laba
230 2397 389 2480 producta
412 2397 528 2479 legitur
551 2398 648 2462 etiam
670 2397 754 2480 apud
774 2395 912 2479 Theogn.
935 2418 962 2460 v.
987 2395 1051 2460 329
1075 2400 1149 2460 anto
1174 2413 1280 2458 caesu-

101 2529 194 2571 ram
230 2503 502 2587 penthemimeren
529 2505 584 2568 καὶ
608 2495 731 2589 βραδὺς
755 2495 913 2582 εὔβουλος
937 2495 1024 2566 εἷλεν
1048 2493 1151 2585 ταχὺν
1175 2493 1281 2582 ἄνδρα

103 2607 285 2678 διώκων.
326 2608 379 2675 Sic
401 2609 506 2694 Bergk
534 2632 605 2674 cum
633 2609 723 2674 libris
751 2610 891 2692 scripsit,
918 2608 972 2673 alii
1001 2601 1161 2688 εὔβουλος
1185 2597 1218 2670 d'
1231 2604 1280 2668 vel

104 2713 173 2783 ὢν
198 2709 372 2795 εὔβουλος
387 2713 470 2780 ἕλευ.
499 2717 553 2781 cir.
573 2717 624 2782 PL
643 2739 672 2800 p.
691 2715 765 2780 507.

104 2825 278 2906 Theogn.
299 2822 365 2887 440
384 2813 445 2888 τὸν
465 2815 494 2888 δ’
514 2815 620 2887 αὐτοῦ
638 2821 725 2888 ἴδιον
746 2823 750 2906 l
772 2813 873 2886 οὐδὲν
892 2819 1133 2904 ἐπιστρέφεται.

222 2927 330 2993 Locus
347 2935 513 3013 mnuptus
532 2936 588 2994 est.
617 2929 703 3008 Quae
723 2928 781 2992 viri
796 2928 881 2992 docti
897 2929 1097 2994 coniecerunt
1112 2925 1183 2990 vide
1197 2923 1281 3007 apud

107 3035 313 3120 Bergkium
331 3033 383 3100 PL
400 3058 430 3119 p.
449 3036 523 3100 513.

223 3141 264 3228 b)
284 3141 397 3206 Hiatus
416 3143 448 3206 in
466 3142 670 3207 commissura
682 3142 871 3226 pentametri
885 3141 1002 3224 legitur
1015 3140 1047 3202 in
1062 3137 1112 3202 his
1127 3134 1282 3200 versibus:

108 3253 279 3332 Theogn.
307 3248 373 3312 478
401 3249 512 3332 (Euen.
541 3249 646 3334 Paul)
678 3242 756 3313 crite
789 3271 821 3312 τι
853 3239 915 3331 γὰρ
948 3242 1047 3332 υήφω
1072 3245 1076 3325 l
1102 3235 1178 3308 orire
1208 3239 1283 3323 λίηυ

301 3351 427 3438 μεθύω.

225 3460 294 3526 Sed
313 3459 494 3526 Athenaeus
512 3462 646 3526 eundem
665 3482 790 3526 versum
809 3460 854 3524 sic
871 3458 1020 3524 tradidit:

346 3559 422 3632 οὔτε
442 3591 474 3632 τι
492 3564 612 3654 νήφων
632 3560 693 3651 sip'
715 3569 720 3652 Ι
740 3561 818 3633 οὔτε
839 3567 915 3632 λίαν
933 3561 1081 3649 μεθύων.

225 3675 343 3740 Varias
366 3675 503 3738 tironum
522 3675 685 3739 doctorum
705 3675 901 3740 coniecturas
920 3670 990 3736 vide
1009 3669 1094 3752 apud
1114 3659 1287 3742 Bergkium

113 3787 178 3854 PL
201 3807 237 3869 p.
257 3781 334 3845 516.
810 3863 819 3876 ι

115 3893 281 3973 lneogn.
301 3886 366 3952 992
385 3888 418 3952 iu
436 3889 466 3952 A
486 3889 530 3954 sic
549 3889 679 3972 legitur:

340 4002 481 4080 χοιοῆιοι
502 3990 653 4062 δύνατοί
676 3987 796 4058 ἄλλοτε
817 3985 850 4058 δ’
870 3985 969 4065 ἄλλος
988 3980 1084 4071 ἀνήρ.

229 4208 248 4258 'i
269 4205 320 4260 cir.
341 4206 446 4270 llartel
467 4206 637 4261 homerische
657 4207 766 4260 studion
786 4206 806 4270 Ι,
826 4222 852 4273 p.
874 4203 932 4257 103.
966 4201 1121 4254 Praeterea
1143 4185 1195 4234 rl'r.
1216 4179 1296 4230 Ross-

122 4300 206 4355 bach
230 4295 289 4350 trud
310 4294 465 4363 Westpun,
485 4296 587 4365 griech.
607 4295 708 4350 metrilr
728 4295 775 4360 11²,
795 4312 821 4362 p.
842 4293 894 4346 352
912 4289 974 4343 adn.
996 4291 1017 4341 l.
