3034 4896
743 293 868 366 ..ur
915 340 957 350 ..

279 498 450 561 recreatur.
497 492 540 558 At
562 490 605 572 id,
631 491 717 573 qnod
739 489 813 556 huic
836 491 1015 566 sententiae
1031 492 1127 576 plane
1143 492 1333 561 contrarium
1351 501 1403 572 est,
1504 523 1505 542 ³

278 595 312 662 in
335 594 480 665 versibus
503 594 541 676 V,
569 597 643 660 322.
670 597 689 659 3
712 595 845 681 legitur:

408 718 481 764 acm
504 697 717 784 quodcumque
739 697 821 762 aliae
844 719 881 760 ee
904 719 936 760 se
958 720 1008 762 rea
1030 706 1124 782 caper
1145 698 1275 782 alitque,

408 799 548 864 deminui
567 801 666 864 debet.

279 905 384 986 Atque
408 902 450 970 ad
473 923 672 975 communem
695 903 836 971 omnium
859 921 987 974 seusam
1019 903 1046 970 si
1075 902 1110 970 id
1132 923 1337 984 revocamus,
1359 903 1409 968 illo

279 1007 358 1090 loeo,
386 1007 414 1076 ri
436 1007 582 1072 redditur
595 1026 653 1092 pro
669 1015 830 1071 recreatur
852 1006 1058 1096 accipiamus,
1085 1006 1319 1077 absurditatem
1340 1026 1411 1072 con-

279 1109 373 1179 tineri
402 1119 554 1194 apparet:
588 1127 666 1178 sane
695 1127 916 1195 quaecumque
945 1127 997 1174 res
1025 1108 1123 1174 aliam
1153 1117 1265 1194 auget,
1305 1109 1410 1180 uirium

278 1211 431 1278 damnum
454 1212 551 1296 capit.
599 1198 714 1278 Altera¹
737 1231 853 1292 musa,
887 1231 942 1276 cur
970 1209 1169 1278 Lachmanni
1197 1211 1410 1298 interpretatio

279 1312 365 1385 falsa
380 1314 431 1398 sit,
450 1314 484 1380 in
499 1333 547 1396 ea,
567 1334 632 1397 qua
647 1314 681 1380 hi
697 1333 810 1382 versus
826 1334 897 1385 cum
913 1314 1066 1402 proximis
1081 1321 1301 1394 conectuntur,
1317 1315 1410 1404 parti-

279 1417 353 1486 cula
369 1417 476 1502 posita
497 1425 556 1485 est.
599 1417 683 1487 Nam
698 1416 850 1500 quoniam
866 1417 898 1486 in
915 1419 1043 1485 251-e
1060 1417 1102 1486 de
1117 1417 1328 1489 diminutione
1345 1427 1411 1484 tan-

280 1525 347 1587 tum
370 1525 475 1589 terrae
498 1518 622 1601 dicitnr,
656 1519 771 1590 eiiam
793 1519 836 1586 ad
859 1538 916 1586 ens
938 1539 1000 1602 res,
1027 1520 1145 1604 quibua
1167 1519 1327 1590 restitutio
1349 1521 1411 1589 eius

279 1620 379 1702 lieret,
406 1623 603 1706 transiretur,
625 1631 805 1706 prasiaca,
832 1622 951 1711 quippe
973 1642 1057 1705 quae
1079 1623 1238 1708 particule
1258 1643 1300 1695 ea
1314 1625 1411 1690 solun
1494 1600 1500 1683 ἶ

279 1725 460 1808 emundata,
488 1746 571 1809 quae
593 1725 636 1792 ad
658 1725 792 1794 eandem
816 1746 882 1799 rem
905 1727 1082 1812 pertinent,
1110 1733 1272 1806 connotat,
1299 1727 1411 1793 falsum

278 1835 376 1904 essct.
416 1829 485 1896 Iam
508 1849 598 1912 vero,
626 1849 704 1916 cum·
720 1850 760 1896 ea
782 1849 878 1911 quarn
900 1827 1121 1897 desideramus
1144 1829 1232 1896 notio
1253 1829 1289 1896 in
1311 1830 1411 1894 reddi-

279 1939 331 1996 tar
357 1931 465 2000 inesse
493 1951 555 2001 non
578 1932 698 2017 possit,
729 1932 758 1998 si
788 1931 830 2002 de
858 1932 1037 2018 corruptela
1068 1931 1246 2016 scripturae
1276 1932 1412 2018 cogitare

279 2033 431 2116 velimus,
458 2033 617 2118 tingamus
640 2041 799 2120 oporteat,
825 2043 963 2119 apoeta
985 2035 1139 2120 scriptum
1162 2034 1263 2102 fuisse
1286 2035 1410 2102 uerbum

260 2137 421 2220 aliquod,
447 2137 533 2222 quod
552 2137 638 2204 idem
654 2136 721 2206 lere
735 2139 858 2207 valeret
879 2145 976 2222 atque
999 2137 1195 2204 diminuitur.
1235 2138 1319 2204 Tum
1341 2157 1412 2203 raro

278 2241 345 2306 alia
367 2239 541 2307 difficultas
564 2242 674 2322 oritur,
701 2241 786 2323 qnod
809 2241 916 2310 verbis
943 2242 992 2324 (V,
1019 2244 1091 2324 258)

530 2345 728 2429 etquenam
751 2343 844 2408 dubio
861 2346 979 2428 procul
999 2367 1064 2410 eoae
1087 2345 1210 2410 radetur

434 2446 632 2530 omniparens
655 2449 761 2512 eadem
783 2469 891 2512 reram
912 2471 1071 2514 commane
1092 2449 1270 2532 copoleom

279 2549 313 2614 id
342 2550 488 2630 affertur,
526 2549 611 2632 qnod
647 2551 696 2618 eis
725 2570 809 2634 quae
846 2550 1040 2621 antecedunt
1076 2551 1260 2636 opponitur:
1300 2559 1410 2617 temon

279 2653 432 2731 recreari;
458 2673 535 2735 ergo
555 2673 614 2738 per
628 2653 817 2738 particulam
834 2663 864 2718 ct
879 2652 1006 2720 adnecti
1022 2654 1142 2738 nequit.
1182 2653 1317 2719 Accedit
1331 2653 1411 2737 qnod

279 2755 375 2820 etiarn
399 2755 446 2821 sic
465 2775 513 2836 ea,
540 2775 624 2842 quae
639 2757 785 2824 versibus
802 2759 950 2824 arr-60
967 2757 1154 2840 continetur,
1180 2757 1411 2840 argumentatio
1500 2747 1502 2836 s

278 2855 450 2925 admodum
472 2858 628 2942 languida
651 2866 710 2927 est.
751 2860 872 2926 Versus
887 2859 972 2927 enim
989 2863 1137 2924 247-50
1153 2859 1180 2926 si
1197 2864 1332 2940 tuemur,
1350 2860 1411 2924 ianr

226 3025 229 3032 .
279 2968 504 3046 exspectamur
513 2960 765 3036 demonstratum
777 2962 940 3034 iriterram
949 2982 1013 3029 non
1021 2963 1310 3046 minusaugesccre
1318 2982 1410 3045 quan
1502 3051 1503 3054 Ἴ

278 3064 399 3147 perire:
424 3063 579 3132 habemns
594 3071 702 3135 autern
718 3065 780 3134 tria
794 3071 992 3150 argumenta,
1016 3065 1132 3147 quibus
1147 3073 1264 3134 terram
1279 3063 1411 3136 diminui

278 3174 447 3251 appareat:
471 3173 498 3232 l.
512 3167 672 3252 principio
679 3189 760 3251 pora
773 3169 873 3236 terrai
882 3192 909 3232 a.
921 3191 987 3252 q.a.
1013 3172 1043 3232 2.
1058 3190 1139 3251 pars
1150 3169 1410 3252 ctamcletamm

277 3293 304 3333 e.
315 3293 344 3355 q.
355 3293 380 3334 s.
412 3273 442 3335 3.
455 3277 623 3353 praeterea
633 3293 697 3354 pro
709 3281 803 3354 parte
814 3294 871 3336 sero
882 3295 909 3335 e.
921 3295 950 3356 q.
962 3294 987 3335 s.
1021 3271 1072 3337 Ad
1088 3279 1215 3342 anctum
1228 3279 1335 3338 terrae
1347 3273 1411 3338 sola

278 3373 378 3440 verba
392 3373 515 3440 videtur
530 3375 728 3458 emorituram
744 3375 851 3460 cadero
861 3396 967 3440 reorum
979 3396 1137 3439 commune
1148 3373 1326 3458 sepulcrum
1341 3394 1411 3458 per-

278 3476 389 3556 tinent,
416 3495 520 3558 eaque
542 3477 705 3546 enuntiato
729 3477 918 3545 maundaria
942 3478 1093 3547 conclusa
1107 3484 1190 3544 sunt.
1231 3477 1360 3544 Tacebo
1375 3475 1411 3541 de

277 3598 325 3656 eo,
353 3577 437 3661 quod
459 3577 546 3644 idem
561 3586 794 3664 argumentum,
821 3580 1043 3664 quodcumque
1065 3577 1153 3645 alind
1169 3586 1299 3662 augeat,
1318 3579 1411 3644 dimi-

278 3682 344 3760 nui,
365 3681 392 3746 si
407 3701 520 3747 versus
536 3685 685 3748 257—60
702 3704 722 3750 a
737 3690 832 3768 poeta
847 3689 956 3752 essent
970 3682 1114 3768 profecti,
1141 3681 1191 3747 bis
1205 3681 1296 3748 breui
1312 3681 1412 3768 spatio

277 3783 458 3851 intermisso
472 3784 651 3852 adhibitum
663 3793 764 3853 esset:
785 3806 844 3854 ean
860 3787 945 3855 eninr
957 3785 1118 3854 causacio
1131 3785 1412 3852 Lucretianisenr-

277 3888 418 3954 minibns
429 3888 654 3954 examinandis
662 3889 766 3973 magis
778 3910 874 3972 qnam
886 3909 1024 3972 aequum
1041 3895 1090 3954 cst
1105 3888 1234 3972 neglegi
1251 3887 1408 3954 videntur.

364 3991 497 4058 Constat
523 3991 620 4074 igitur
649 3998 682 4057 et
711 3995 868 4057 alt-so
899 4015 920 4058 a
944 3999 1040 4077 pocta
1069 3991 1299 4076 scriptosnon
1329 4011 1407 4070 csse,

277 4095 354 4177 quia
377 4115 397 4160 a
420 4102 508 4159 certa
529 4093 599 4160 eius
622 4095 861 4174 consuetudine,
887 4115 950 4180 qua
974 4095 1079 4161 verbis
1101 4093 1238 4158 illudio
1258 4093 1411 4158 hiaretur

277 4217 355 4264 usus
377 4204 442 4278 est,
471 4197 639 4278 recedunt,
666 4205 698 4265 ct
721 4201 881 4278 nst-60,
908 4199 936 4265 si
959 4199 1109 4266 traditam
1132 4196 1323 4283 scripturam
1348 4216 1410 4262 ser·
