2998 4896
535 395 579 407 -
624 357 721 440 [211]
767 395 810 406 -
1120 303 1124 310 ¹
1205 357 1247 420 οι

188 549 332 635 Longum
362 554 471 617 autem
502 557 551 617 eat
577 551 661 617 inter
689 550 885 619 uoluntarias
913 549 1043 616 Suidae'
1058 553 1249 616 mutationes

106 677 300 734 enumerare,
326 657 383 722 ubi
412 658 535 724 omissis
563 657 722 724 nonnullis
746 657 867 724 uocalis
896 658 1095 728 caussam
1121 679 1249 724 uersum

105 763 135 826 in
167 764 300 829 schedas
338 785 411 832 suas
443 766 599 849 receperit
608 767 648 851 ¹):
685 766 861 830 loculenter
892 769 997 830 tamen
1031 765 1161 832 Suidam
1186 787 1249 832 suo

106 869 204 936 Marte
222 877 397 938 mutantem
416 871 635 956 deprehendas
653 873 686 938 in
705 895 732 936 v.
750 871 835 938 1098
855 861 949 949 ὅπως
966 863 1011 958 μὴ
1030 893 1068 936 ox
1088 861 1182 948 όπως
1200 863 1249 936 ori.

192 1083 382 1169 Saepissime
403 1107 481 1150 nero
504 1085 653 1170 glossae
677 1085 950 1152 interlineares
973 1083 1026 1150 uel
1044 1105 1064 1150 a
1082 1083 1181 1151 Suida
1198 1085 1249 1150 uel

109 1213 125 1256 a
144 1191 276 1258 librario
303 1193 371 1258 eius
395 1213 458 1276 quo
481 1191 597 1260 Suides
620 1215 695 1258 usus
718 1199 766 1260 cst
789 1193 905 1258 codicis
928 1213 986 1276 pro
1009 1191 1154 1274 genuinis
1178 1191 1250 1255 Ari·

109 1297 265 1381 stophanis
287 1298 395 1365 uerbis
419 1300 597 1384 descriptae
620 1307 702 1377 sunt,
725 1301 826 1366 ueluti
848 1301 881 1364 in

191 1427 237 1470 vv.
259 1405 440 1471 452-454
587 1417 589 1422 ’
741 1397 913 1491 γνώσεσθ’

285 1501 338 1576 ότι
361 1515 417 1578 καὶ
440 1506 524 1597 παρ’
547 1505 626 1600 ἡμῖν
649 1512 712 1579 εἰσι
735 1508 829 1597 λόχοι
853 1509 886 1577 δ’

283 1621 435 1704 μαχίμων
459 1612 595 1706 ἀνδρῶν
620 1614 719 1685 ἔνδον
743 1614 1002 1704 ἐξωπλισμένων

110 1745 166 1788 uox
193 1715 329 1809 ἀνδρῶν
357 1748 414 1810 pro
436 1733 609 1812 γυναικῶν
632 1726 766 1792 debetur
788 1726 921 1802 scholio,
948 1715 1038 1790 uude¹
1055 1723 1170 1791 Suidas
1192 1726 1251 1791 hos

14 1861 15 1908 γ
110 1852 213 1914 uersus
235 1832 420 1916 desumpsit,
443 1835 484 1899 ad
508 1833 643 1898 Acheru.
670 1834 767 1898 1073:
799 1825 901 1898 Ἔνιοι
925 1831 986 1916 μὲν
1004 1824 1044 1897 τὸ
1063 1829 1099 1913 ἐξ
1117 1823 1252 1916 ἀνδρῶν

14 1923 16 1992 ἶ
112 1928 196 2000 όκτω
223 1933 386 2025 σύστημα,
415 1937 448 2005 οἱ
476 1940 511 2006 δὲ
540 1931 580 2005 τό
609 1938 645 2021 ἐξ
667 1933 803 2024 ἀνδρῶν
827 1935 969 2018 δυόδεκα,
998 1935 1030 2003 ol
1059 1937 1095 2003 δὲ
1117 1929 1157 2002 τό
1182 1929 1251 2002 ἀπὸ

14 2123 15 2146 ἢ
113 2036 280 2108 ἑκκαίδεκα
313 2037 449 2131 ἀνδρῶν
481 2052 614 2134 πλῆθος
762 2037 808 2123 ὡς
832 2037 978 2129 ἀλλαχοῦ
1001 2031 1250 2131 Ἀριστοφάνης)

14 2193 15 2228 3
112 2142 272 2232 γνώσεσθ’
297 2142 350 2218 ότι
372 2157 443 2218 κτλ.

194 2258 300 2340 Atque
322 2260 355 2323 in
379 2281 426 2324 vv.
450 2260 514 2325 896
540 2260 603 2325 897

192 2357 465 2452 Διαφορονμένης
487 2372 546 2453 τῆς
568 2362 694 2452 κρόκης
716 2356 784 2431 ὑπὸ
807 2372 878 2431 τῶν
902 2357 1150 2450 ἀλεκτρυόνων,

114 2471 163 2552 qui
183 2493 292 2538 uersus
314 2472 347 2537 in
371 2473 531 2538 codicibus
554 2459 778 2556 Aristophanis
801 2473 846 2538 sic
868 2475 1030 2557 leguntur:

286 2589 402 2680 ὀλίγον
425 2597 515 2681 μέλει
540 2615 592 2662 σοι
615 2605 674 2683 τῆς
696 2591 822 2684 κρόκης
845 2597 1055 2683 φορουμένης

286 2695 350 2768 ὑπό
377 2710 449 2768 τῶν
472 2695 727 2790 ἀλεκτρυόνων;
1040 2699 1043 2707 '

116 2845 171 2889 uox
197 2827 462 2915 διαφορουμένης
491 2831 806 2912 interpretamentum
834 2848 901 2894 esse
933 2828 1136 2892 interlineare
1168 2827 1253 2891 uocis

117 2934 316 3020 φορουμένης
339 2936 432 3000 docet
454 2935 609 3002 scholium
631 2935 679 2999 [θ’
708 2943 766 3022 τῆς
789 2931 912 3020 κρόκης
934 2933 1157 3021 φορουμένης·
1182 2935 1253 2999 δια-

117 3041 326 3126 φορουμένης,
350 3040 593 3128 διασπωμένης,
616 3063 680 3124 qua
702 3063 741 3108 ex
761 3042 971 3125 explicatione
989 3041 1254 3124 interpretamen-

117 3147 176 3207 tum
200 3144 430 3232 διασπωμένης
453 3146 567 3212 Suidas
590 3149 657 3231 ipse
680 3148 713 3214 in
736 3149 942 3212 adnotatione
964 3147 1104 3212 retinuit.

196 3250 274 3316 Item
297 3251 331 3315 in
354 3274 381 3318 r.
408 3254 508 3319 10822

386 3360 443 3424 καὶ
465 3351 531 3446 μην
555 3351 626 3444 δρῶ
648 3351 728 3436 τοὺς
751 3351 949 3446 Άθηναέους

119 3460 260 3542 glossema
291 3464 495 3531 interlineare
525 3457 605 3542 τοὺς
639 3457 834 3552 Ἀθηναίους
865 3466 1035 3549 genuinam
1065 3466 1254 3548 scripturam
1349 3457 1356 3469 '

119 3563 225 3645 τοόςδε
244 3562 326 3648 τοὺς
349 3563 563 3655 αὐτόχθονας
585 3572 654 3638 loco
677 3574 785 3637 mouit.

198 3677 305 3761 Neque
331 3677 427 3743 aliter
452 3678 486 3741 in
514 3699 541 3743 v.
570 3679 634 3743 743
663 3678 779 3744 Suidae
810 3671 952 3744 ἀπέλθω
983 3700 1042 3762 pro
1068 3671 1162 3760 μόλω
1191 3666 1254 3760 ’γιό

121 3782 249 3848 codicum
263 3784 568 3868 Ariatophaneorum
587 3785 691 3869 glossa
709 3791 757 3850 est
776 3783 996 3860 interlinearis,
1016 3785 1074 3848 etsi
1092 3781 1255 3847 Bentleius

122 3879 179 3966 lyci
199 3891 307 3956 inutile
331 3912 400 3956 esse
422 3899 512 3956 ratus
534 3911 592 3956 neo
614 3891 734 3956 habero
757 3892 807 3956 cui
831 3897 1052 3974 opponeretur,
1076 3911 1114 3954 ex
1137 3887 1255 3953 Suidae

122 3994 250 4060 codicum
267 3998 305 4062 lli
329 4002 363 4062 et
381 3997 490 4073 Oxou,
513 3999 568 4080 qui
591 3997 724 4082 ἀπέλθη
746 3996 910 4080 praebent,
932 3997 1084 4062 memoria
1103 3985 1255 4073 ἀπέλθω,

123 4101 253 4178 quodue
283 4125 363 4168 uera
393 4099 516 4169 codices
543 4103 653 4169 ACBE
681 4111 823 4182 tuentur,
854 4104 884 4168 h.
909 4104 928 4170 l.
956 4103 1157 4192 scribendum
1188 4123 1256 4166 esse

124 4207 240 4272 monuit

134 4331 320 4344 —-—-—-*---·

188 4403 205 4466 1)
223 4403 304 4456 ueluti
320 4421 343 4457 v,
358 4403 390 4457 14
401 4401 493 4457 omisit
506 4400 732 4474 βουλομένοισιν,
748 4406 783 4460 56
797 4393 821 4456 ιό
834 4398 907 4471 μέλ’,
921 4405 974 4458 899
987 4397 1093 4472 χρόνον
1107 4405 1254 4456 τοσοίτον.

1057 4491 1094 4544 5*
