3010 4896
484 362 528 370 -
574 325 670 408 [107]
717 364 758 372 -
1158 327 1196 391 11

68 521 145 600 pem
174 519 233 582 viri
266 519 521 595 instituerentur,
551 517 873 584 Lacedaemoniorum
904 519 1094 584 auctoritate
1125 541 1198 603 per-

70 624 173 688 fecisse.

145 731 242 814 Atqui
265 731 343 795 haee
365 733 420 812 qui
443 731 646 806 contendant,
670 751 723 795 eos
743 733 869 795 omniuo
893 731 1041 796 recedere
1063 752 1084 794 a
1106 730 1200 814 Lysia

68 836 273 920 comprobabo.
324 836 464 900 Primum
491 838 575 900 onim
602 858 652 901 res
680 838 726 902 ita
749 837 941 902 ordinandas
970 857 1037 901 esse
1064 843 1201 913 censent,

69 950 97 1004 ul
122 945 205 1026 pacis
232 944 306 1007 iam·
323 944 488 1008 conclusae
515 944 751 1009 condicionibus
778 941 978 1026 perficiendis
1006 943 1065 1007 riri
1098 964 1199 1026 popu-

70 1048 139 1111 lares
169 1049 354 1113 restiterint.
409 1048 559 1113 Attamen
592 1050 643 1112 vix
675 1049 827 1114 credibile
860 1050 999 1126 ridetur,
1035 1071 1106 1114 cum
1137 1049 1202 1113 iam

69 1153 189 1236 Spartae
227 1155 332 1219 matio
367 1155 686 1220 Lacedaemoniorum
722 1156 941 1238 sociorumque
978 1155 1102 1231 fuisset,
1139 1175 1202 1238 qua

68 1259 199 1325 Thebani
218 1261 359 1325 Athenas
382 1261 532 1325 delendas
555 1282 622 1325 esse
641 1269 842 1337 censuerant,
866 1261 1123 1326 Lacedaemoniis
1146 1281 1201 1324 au·

68 1376 121 1430 tem
151 1366 372 1432 resistentibus
403 1367 512 1432 mitior
543 1389 605 1450 pax
637 1367 714 1432 data
746 1373 815 1432 erat
843 1367 1100 1442 Atheniensibus,
1133 1372 1202 1430 tum

68 1472 320 1538 Lacedaemonios
348 1494 444 1537 novas
468 1493 582 1558 easque
610 1473 756 1537 meliores
783 1474 870 1556 pacis
898 1473 1097 1538 condiciones
1126 1493 1201 1538 cou-

71 1601 200 1644 eessuros
222 1578 328 1644 fuisse
372 1579 482 1664 Neque
506 1580 600 1644 duces
627 1580 686 1662 ipsi
710 1559 774 1643 tale
798 1580 874 1664 quid
902 1599 1028 1660 sperare
1054 1581 1203 1660 poterant

71 1707 118 1749 nec
134 1687 243 1770 Lysias
267 1707 329 1762 eos,
351 1685 413 1750 nisi
437 1692 531 1750 antea
554 1685 719 1767 perissent,
741 1685 905 1750 meliorem
927 1706 1037 1768 pacem
1054 1689 1202 1748 nacturos

70 1791 153 1856 luisse
175 1799 231 1856 aut
253 1791 315 1856 sibi
337 1797 394 1856 aut
416 1791 487 1855 aliis
511 1791 700 1874 persuadere
727 1795 855 1874 poterat
878 1790 980 1875 (XIII,
1007 1791 1071 1874 16).
1117 1791 1201 1854 Ren-

70 1918 152 1962 nerus
179 1899 307 1979 quidem
334 1897 377 1981 (p.
403 1897 459 1983 17)
487 1897 583 1961 etiam
616 1903 681 1960 tum
709 1896 842 1962 fortasse
874 1896 944 1961 illos
976 1895 1049 1959 urbi
1080 1896 1202 1978 patriae

70 2005 168 2068 nebus
195 2004 347 2088 quiddam
372 2004 497 2085 assequi
529 2004 671 2085 potuisse
698 2008 803 2067 censet
835 2023 985 2085 suamque
1014 2001 1204 2066 sententiam

71 2108 113 2174 his
128 2111 229 2175 verbis
247 2107 452 2191 comprobare
471 2116 615 2174 conatur:
633 2108 897 2185 ,Atheniensibus
914 2113 951 2172 ut
970 2129 1066 2190 supra
1085 2108 1203 2171 dictum

71 2219 242 2296 permissum
262 2221 339 2292 erat,
361 2222 398 2279 ut
420 2216 507 2298 pacis
526 2215 722 2280 conditiones
740 2219 994 2296 exsequerentur.
1031 2212 1098 2276 lam
1122 2213 1202 2296 opti-

71 2331 167 2398 mates,
193 2321 308 2404 quibus
330 2322 429 2386 multo
452 2321 566 2404 majori
594 2342 687 2385 curae
716 2341 808 2404 quam
831 2319 994 2404 Lysandro
1021 2320 1083 2402 ipsi
1106 2317 1204 2384 fuisso

72 2439 101 2489 nt
128 2429 210 2511 pacis
242 2427 439 2492 conditiones
466 2425 686 2492 acerbissimae
719 2425 946 2510 perficerentur
973 2432 1005 2490 et
1037 2426 1203 2507 imperium

73 2535 208 2616 populare
232 2539 434 2608 everteretur,
459 2533 588 2598 Grotius
611 2537 696 2598 recte
724 2533 889 2608 intellexit,
916 2532 1052 2615 primum
1076 2532 1204 2615 quidem

74 2638 198 2705 homines
225 2641 298 2704 illos
325 2640 493 2722 populares
522 2661 539 2703 e
567 2640 671 2704 medio
694 2640 890 2703 sustulerunt
917 2660 955 2703 ac
980 2644 1049 2702 tum
1077 2638 1203 2720 quidem

75 2745 267 2826 Lysandrum,
294 2751 331 2808 ut
354 2746 485 2810 consilia
511 2767 570 2810 sna
592 2746 770 2827 adjuvaret,
797 2767 817 2809 a
844 2745 937 2809 Samo
965 2745 1203 2810 arcessiverunt.

76 2851 179 2926 Quibus
206 2851 415 2915 suadentibus
442 2859 474 2915 et
507 2853 539 2914 in
567 2852 712 2916 omnibus
745 2851 839 2916 rebus
871 2872 990 2914 morem
1022 2849 1204 2932 gerentibus

76 2979 132 3020 eum
157 2958 356 3022 audaciorem
383 2962 415 3021 et
442 2959 482 3021 ad
511 2955 702 3040 perficienda
727 2978 869 3040 quaeque
896 2956 1132 3038 propensiorem
1155 2954 1204 3018 fa-

78 3071 146 3126 ctum
164 3085 231 3128 esse
255 3063 326 3145 quis
348 3063 463 3145 neget?
500 3063 669 3128 Praeterea
692 3069 799 3126 autem
821 3063 1053 3126 meminerimus
1072 3061 1206 3124 discidia

77 3168 129 3244 illa,
153 3189 233 3251 quae
255 3175 367 3252 postea
390 3169 473 3232 inter
497 3168 816 3233 Lacedaemoniorum
839 3189 929 3250 reges
953 3174 985 3231 et
1008 3166 1204 3250 Lysandrum

80 3281 103 3334 et
121 3275 156 3339 de
177 3275 272 3340 rebus
296 3275 430 3340 internis
453 3280 485 3338 et
508 3275 547 3339 de
566 3273 813 3340 Atheniensibus
837 3277 1027 3338 exstiterunt
1047 3272 1113 3355 jam
1137 3277 1204 3335 tum

79 3379 186 3444 initium
212 3381 333 3463 cepisse
361 3380 461 3445 videri
485 3380 539 3465 (ef.
564 3381 646 3444 Plut.
671 3380 741 3463 Lys.
765 3401 790 3444 c.
815 3379 913 3465 XIV).
964 3378 997 3442 Si
1025 3379 1124 3461 igitur
1150 3399 1203 3440 ac-

80 3485 220 3566 eipiamus,
247 3487 345 3550 duces
373 3486 444 3550 illos
472 3491 580 3568 captos
607 3508 671 3551 non
694 3507 770 3563 esse,
798 3487 893 3549 immo
917 3485 1114 3558 auctoritate,
1142 3503 1205 3564 qua

80 3587 254 3668 fruebantur,
281 3613 366 3674 usos⁵
384 3591 572 3673 optimatum
601 3592 732 3656 consilia
759 3612 816 3674 per
843 3589 972 3672 aliquod
1000 3595 1123 3671 tempus
1151 3608 1204 3650 co-

80 3699 195 3762 ercuisse
222 3719 259 3763 ac
287 3703 399 3780 postea
426 3695 559 3761 fortasse
587 3718 656 3761 cum
685 3695 911 3779 Spartanorum
940 3695 1067 3776 regibus
1096 3695 1205 3775 egisse,

80 3821 164 3867 nonne
190 3804 290 3868 multa
316 3823 445 3886 prorsus
473 3803 567 3866 aliter
590 3804 722 3866 evadere
750 3802 890 3884 potuisse
918 3801 1068 3883 apparet?
1101 3820 1204 3863 nonne

81 3925 111 3968 ea
133 3912 256 3986 ratione,
284 3930 347 3994 qua
375 3908 519 3973 omnibus
547 3908 613 3973 lere
641 3907 835 3991 temporibus
864 3907 1023 3972 interdum
1045 3904 1206 3979 acciderit,

82 4020 181 4092 ntea,
210 4038 292 4099 quae
324 4015 408 4079 inter
438 4022 546 4097 partes
574 4020 797 4090 convenerant,
829 4034 892 4077 non
923 4013 1028 4076 omnia
1059 4016 1205 4075 accurate

82 4117 302 4198 necarentur,
330 4122 428 4185 etiam
454 4121 516 4186 hae
541 4121 576 4184 in
602 4142 637 4186 re
664 4120 756 4185 facile
783 4117 852 4185 fieri
879 4118 1019 4202 potuitl“
1065 4115 1128 4181 Sed
1155 4115 1205 4180 his

82 4223 168 4291 verbis
184 4228 310 4293 minime
334 4227 412 4290 mibi
435 4227 653 4309 persuadetur,
679 4249 732 4291 eos
750 4247 858 4309 pacem
877 4225 1038 4290 meliorem
1057 4227 1205 4287 nacturos

82 4326 170 4410 titisse,
190 4337 376 4418 praesertim
394 4355 464 4399 cum
481 4333 566 4416 apud
586 4333 790 4398 Plutarchum
808 4331 888 4397 nihil
910 4331 1098 4405 inveniatur,
1121 4328 1205 4410 quod
