3034 4896
569 347 784 407 ...Π-

111 538 177 597 turn
201 531 345 599 elfioiunt
372 531 438 613 (eir.
459 553 542 615 qnae
565 532 606 598 de
629 531 676 598 eis
698 531 784 596 intra
806 529 993 615 disputavi),
1020 537 1063 610 et,
1089 537 1123 594 ut
1141 533 1182 592 54
1205 528 1247 594 ad

113 639 153 698 m
176 633 382 718 adiungatur,
409 654 505 701 sensu
527 633 703 719 flagitatur.
750 633 874 700 Deinde
897 633 995 698 verba

225 739 282 801 aed
301 738 448 823 quereiam
470 738 564 802 doeae'
584 746 768 802 carnotorum
790 736 920 800 exordio
942 757 1047 798 reram
1077 741 1133 798 ete.

110 840 223 922 abeo,
249 841 303 924 qui
326 861 366 907 ea
387 861 427 906 ex
449 841 542 906 tertio
564 841 645 906 libro
669 839 809 924 repetiit,
842 859 906 904 non
935 845 1070 923 possunt
1099 837 1161 902 nisi
1190 843 1247 901 aut

109 950 184 1009 ante
208 946 249 1008 26
272 944 378 1028 posita
401 963 473 1010 esse
495 943 616 1008 autad
640 945 766 1008 26-28
789 942 962 1025 adscripta.
1002 941 1115 1023 Neque
1137 947 1245 1005 tamen

110 1065 130 1110 a
151 1053 248 1130 poeta
269 1047 341 1131 ipso
363 1047 501 1130 repetita
515 1053 598 1128 sunt,
624 1046 658 1112 id
680 1046 765 1130 quod
788 1045 1018 1112 demonstravit
1032 1043 1245 1130 Susamihlius

115 1148 238 1227 (Philet.
264 1148 388 1231 XXIX,
415 1151 489 1224 419,
516 1151 561 1230 3),
587 1168 691 1231 neque
714 1149 755 1214 ab
778 1167 827 1227 eo,
852 1147 906 1230 qui
929 1147 1126 1231 prooemium
1148 1166 1245 1230 prae-

110 1250 197 1331 fixit,
231 1252 352 1336 quippe
381 1271 401 1316 a
429 1271 491 1335 quo
514 1270 626 1316 versus
650 1255 690 1315 25
721 1271 759 1316 eo
786 1258 910 1316 tantum
942 1250 1074 1316 oonsilio
1105 1255 1245 1314 mutatus

109 1353 162 1430 sit,
179 1372 221 1418 ne
245 1353 294 1418 bis
316 1353 350 1418 in
373 1353 475 1418 tribus
490 1353 635 1419 versibus
651 1362 775 1436 compte
790 1353 962 1436 legeretur.
1002 1352 1114 1434 Neque
1130 1351 1245 1417 verisi-

110 1457 185 1522 mile
208 1464 259 1522 est
281 1457 434 1522 lectorem
456 1457 548 1521 illum
571 1455 797 1541 philosophum
820 1476 861 1522 ea
881 1455 1059 1536 addidisse,
1085 1475 1158 1520 oum
1181 1474 1245 1519 non

109 1559 222 1624 eadem
246 1560 407 1626 sententia
429 1560 477 1624 eis
500 1559 697 1643 exprimatur
719 1566 815 1642 atque
838 1559 985 1626 versibus

232 1719 245 1734 ,
263 1671 357 1746 atque
379 1663 480 1725 animi
500 1663 645 1746 quom'am
668 1662 761 1727 docet
782 1671 897 1726 matura
919 1661 998 1746 quid
1017 1671 1096 1726 esset

260 1773 291 1828 et
312 1765 424 1849 quibua
447 1787 463 1827 e
485 1766 576 1828 redere
599 1787 669 1828 cum
691 1786 820 1848 corpore
843 1772 967 1847 compte
990 1764 1107 1848 asperet

259 1869 469 1952 quommodo
491 1867 647 1930 distracta
668 1867 787 1931 rediret
808 1867 841 1929 r're
864 1867 954 1930 ordia
970 1865 1089 1950 prime.

108 1969 142 2034 Si
163 1989 243 2034 vero
265 1970 337 2035 eius
359 1969 513 2035 intererat
534 1971 765 2047 demonstrare,
792 1968 904 2034 eadem
927 1969 995 2035 sere
1010 1970 1134 2035 ratione
1149 1968 1245 2034 huius

106 2070 179 2136 libri
202 2071 329 2136 initium
352 2072 458 2138 faeere
481 2079 608 2156 poetam
632 2079 728 2155 atque
751 2071 853 2151 tertii,
885 2079 972 2137 oerto
1001 2071 1042 2153 (id
1071 2071 1244 2153 quodiam

107 2175 229 2239 monuit
250 2173 337 2239 idem
353 2175 574 2252 Susemihliust
595 2193 658 2240 non
681 2179 836 2240 mutasset
856 2174 937 2239 illud
960 2184 997 2238 et
1018 2174 1165 2259 quoniam
1188 2177 1245 2238 do-

107 2277 164 2355 met,
193 2277 280 2358 quod
295 2275 362 2341 illie
377 2285 436 2357 est,
462 2277 494 2341 in
517 2278 587 2340 aed
608 2278 754 2362 qaom'em
768 2277 869 2340 docui.
916 2276 1029 2359 Itaque
1052 2276 1158 2342 sinon
1174 2297 1245 2342 eer-

107 2387 184 2457 tum,
212 2387 247 2444 at
268 2379 336 2444 veri
357 2379 553 2446 simillimum
576 2388 626 2445 est
648 2379 690 2444 ad
714 2379 975 2464 interpolatorem
996 2379 1055 2444 illa
1076 2379 1246 2446 reserenda

107 2502 190 2548 esse.
239 2483 344 2565 Atque
374 2483 402 2547 si
430 2481 490 2548 hoo
512 2482 671 2566 ponimus,
698 2483 820 2547 elerum
843 2488 906 2563 est,
933 2501 989 2547 eur
1009 2482 1091 2548 illud
1113 2491 1143 2546 et
1166 2505 1243 2567 qao·

106 2585 192 2647 niem
215 2584 310 2646 docui
329 2590 486 2648 mutatum
508 2584 564 2664 sit,
590 2603 663 2650 oum
686 2584 791 2649 miuus
812 2586 945 2667 elegans
968 2583 1131 2650 videretur

262 2695 302 2749 et
325 2687 472 2770 quereiam
494 2687 586 2780 docui
607 2695 789 2751 coaeterum
812 2686 942 2751 exordio
962 2707 1068 2750 reram

263 2898 385 2974 atque
407 2890 508 2954 enimi
528 2891 675 2975 quereiam
697 2891 791 2954 doeae'
811 2899 927 2956 mature
949 2889 1027 2976 quid
1047 2899 1124 2958 esset

263 2999 301 3054 et
323 2992 434 3076 quidue
456 3015 473 3056 e
494 2995 585 3056 redae
608 3015 678 3056 eum
700 3015 829 3076 corpore
851 3001 975 3076 compte
996 2993 1124 3077 eriperet.

107 3091 279 3174 Reliquum
302 3101 361 3172 est,
389 3099 423 3158 nt
445 3093 485 3159 de
509 3094 654 3159 versibus

213 3219 295 3280 quae
317 3199 410 3280 quasi
429 3199 626 3261 membranae
649 3198 699 3260 eet
719 3206 825 3260 cortex
847 3197 1103 3278 nominitandest,

213 3299 299 3382 quod
318 3299 450 3381 speeiem
473 3302 671 3385 deformem
692 3299 825 3364 similem
845 3300 928 3384 perit
950 3299 1016 3363 er'ea
1037 3298 1153 3382 imape,

213 3403 434 3486 eae'eaeumque
456 3403 539 3466 eluet
561 3404 599 3467 de
621 3425 750 3486 corpore
762 3405 847 3488 fusa
869 3402 982 3487 reperi

105 3522 251 3585 mamus.
300 3503 362 3580 Qui
385 3524 490 3587 neque
512 3525 571 3588 per
593 3525 627 3570 se
650 3511 786 3589 possunt
807 3504 1056 3570 enuntiationem
1076 3503 1242 3569 relativam

105 3605 249 3686 efficere,
276 3625 348 3670 eum
370 3605 440 3671 fieri
462 3613 619 3689 nequeat,
647 3615 682 3672 ut
703 3607 747 3672 ad
775 3628 854 3690 qaae
884 3605 1060 3690 praedicati
1089 3606 1158 3671 loeo
1187 3627 1244 3667 no-

108 3708 315 3772 metandae
336 3709 504 3786 referatur,
528 3729 588 3775 neo
604 3709 776 3775 simulacra
791 3709 884 3793 quasi
897 3708 1103 3773 membranae
1119 3707 1244 3791 possint

107 3811 303 3886 demeritam
330 3831 435 3894 neque
459 3812 540 3876 sumi
562 3819 668 3896 potest
691 3833 744 3877 eos
768 3832 788 3876 a
810 3818 906 3896 poeta
928 3815 1000 3894 post
1022 3809 1095 3875 illos

192 3915 231 3978 31
257 3935 336 3997 quae
359 3915 453 3999 quasi
472 3915 680 3992 membranae,
707 3936 824 3978 aamrno
847 3915 885 3976 de
908 3933 1038 3996 corpore
1059 3933 1164 3975 rerum

255 4017 414 4100 dereptae,
440 4018 573 4081 volitaret
594 4018 738 4102 ultroque
760 4016 899 4100 citroque
915 4037 978 4097 per
1000 4035 1096 4077 aurae
1159 4013 1162 4018 ’

108 4117 225 4198 positos
236 4137 321 4200 esso,
332 4119 483 4201 quoniam
496 4118 713 4185 definitionem
726 4118 964 4184 simulacrorum
974 4115 1146 4190 continent,
1158 4131 1242 4194 quae

108 4217 168 4284 iam
192 4240 289 4286 versu
316 4221 355 4285 31
381 4221 458 4286 data
480 4229 559 4288 erat.
607 4221 715 4299 Quare
738 4220 817 4284 nibil
839 4225 961 4284 restare
977 4217 1104 4283 videtur
1125 4213 1188 4280 nisi
1210 4221 1245 4276 ut

1021 4338 1036 4387 2
