3034 4896
689 315 904 375 ..12-

230 502 336 584 Atque
358 500 401 581 id,
428 502 512 584 quod
538 501 745 586 limpedoeles
768 503 850 566 dixit

389 609 430 668 60
453 606 509 668 καὶ
532 605 582 681 δὶς
605 603 668 691 γὰρ
691 603 709 668 ὃ
733 603 773 691 dr)
797 603 902 671 καλόν
925 605 1016 672 ἐστιν
1039 605 1201 682 tatonem,

230 707 272 773 ad
295 729 350 774 eos
374 714 497 774 tantum
519 729 632 774 versus
662 715 769 794 potest
797 710 926 789 referri,
960 709 1075 792 quibus
1105 709 1218 792 gravia
1245 708 1366 792 placita

231 811 531 896 pronuntiabantur.
585 812 650 878 Sed
679 813 745 878 illis
776 813 932 897 exemplis
963 813 1092 877 minime
1122 811 1302 896 explicatur
1333 812 1364 875 in

231 915 371 980 Lucretii
395 915 589 980 carminibus
615 917 812 1000 prooemium
836 917 942 998 quarti
964 915 1037 981 libri
1061 917 1113 982 rel
1136 917 1190 994 IV,
1218 918 1367 978 217—29

236 1019 535 1102 (=v1‚ous-ar›)
564 1020 616 1084 ver
638 1020 681 1098 ιι,
701 1024 837 1084 55-61.
859 1019 916 1100 111,
936 1023 1062 1084 ιιι-93
1089 1020 1362 1103 (=vr,aa-41)

232 1122 352 1204 aliique
375 1123 445 1205 loei,
471 1130 506 1188 ut
528 1123 568 1188 de
591 1123 638 1188 eis
661 1123 903 1188 difficultatibus
926 1130 1101 1204 taceamus,
1128 1145 1210 1206 quae
1232 1143 1272 1188 ex
1292 1144 1368 1188 sen·

232 1231 401 1291 tentiarum
424 1227 535 1292 ordine
559 1226 712 1292 oriuntur.
761 1227 877 1308 Utique
903 1227 1031 1309 singula
1058 1227 1190 1306 iterata,
1223 1247 1304 1310 quae
1334 1226 1367 1290 in

234 1331 373 1396 Lucretii
394 1330 485 1396 libris
508 1329 627 1396 tradita
648 1337 732 1412 sunt,
758 1337 909 1396 accurate
931 1330 1161 1416 perscrutanda
1182 1337 1267 1395 sunt.

319 1435 445 1515 Restat,
479 1440 514 1499 ut
539 1434 579 1500 de
602 1434 775 1499 Purmanni
803 1440 1041 1516 ceterorumque
1069 1433 1173 1498 dicam
1202 1435 1365 1519 opinione,

232 1558 310 1604 casu
334 1538 453 1603 factum
476 1557 549 1603 esse
576 1538 791 1622 opinantium,
826 1545 861 1602 ut
887 1538 920 1602 in
944 1538 1144 1602 Lucretiauis
1174 1538 1370 1603 carminibus

232 1641 417 1707 iterationes
429 1643 625 1725 legerentur:
645 1662 720 1706 nam
733 1641 759 1706 si
772 1639 900 1724 quando
909 1642 1077 1706 verborum
1090 1641 1225 1725 penuria
1235 1661 1368 1725 pressus

233 1753 329 1823 esset,
355 1765 394 1809 ne
411 1745 505 1810 nimis
520 1745 553 1826 iu
570 1745 618 1809 eis
634 1745 713 1810 locis
729 1745 885 1824 haereret,
908 1745 1038 1809 easdem
1055 1745 1229 1810 sententias
1246 1745 1369 1810 eisdem

233 1849 339 1914 verbis
354 1849 523 1934 repetiisse
537 1855 675 1932 poetam,
701 1848 784 1931 quod
800 1850 833 1912 in
849 1849 988 1914 carmine
1003 1849 1199 1915 recensendo
1215 1849 1370 1914 emenda-

234 1960 323 2018 turus
346 1951 469 2016 lulsset.
517 1951 560 2016 At
582 1957 656 2016 sunt
678 1951 874 2030 iterationes,
901 1972 1000 2034 quae,
1035 1952 1063 2016 ai
1092 1951 1156 2017 sint
1177 1973 1198 2018 a
1220 1953 1370 2017 Lucretio

233 2056 304 2140 ipso
326 2057 500 2140 proiectae,
526 2063 633 2121 tamen
657 2061 771 2139 postea
793 2055 919 2120 demum
943 2075 981 2120 eo
1010 2056 1091 2134 loeo,
1121 2055 1175 2122 nbi
1205 2077 1290 2120 nunc
1316 2057 1370 2121 in-

235 2159 414 2239 veniuntur,
441 2159 582 2224 insertae
605 2158 679 2223 sint.
727 2159 823 2224 Velut
839 2158 893 2242 IV,
920 2162 1022 2222 1-25
1045 2158 1146 2223 additi
1169 2166 1253 2238 sunt,
1279 2167 1370 2243 post-

235 2283 329 2345 quam
357 2262 480 2344 reliqna
502 2261 654 2347 prooemii
677 2281 753 2346 pars
776 2261 839 2326 iam
863 2262 1041 2346 composita
1063 2269 1113 2328 est
1141 2262 1208 2345 (cfr.
1233 2283 1287 2347 pg.
1316 2265 1367 2344 15)

236 2387 339 2448 neque
362 2386 413 2431 vr.
440 2366 471 2446 l,
501 2367 640 2429 146-8
667 2369 765 2430 antea
794 2365 903 2449 scripti
933 2385 1005 2431 ease
1033 2371 1174 2450 possunt
1198 2387 1294 2449 quam
1322 2367 1367 2448 ll,

235 2474 371 2548 55-61,
399 2489 532 2552 quorum
555 2489 627 2534 enm
650 2469 737 2533 exitu
760 2475 938 2552 congruunt
958 2468 1024 2548 (cfr.
1043 2489 1097 2552 pg.
1117 2473 1158 2534 69
1171 2473 1268 2552 squ),
1294 2490 1369 2534 cum

235 2580 344 2664 tamen
356 2572 436 2637 nihil
453 2572 569 2638 certius
586 2573 627 2637 sit
642 2593 736 2656 quam
754 2573 948 2656 prooemium
964 2579 997 2638 et
1008 2572 1145 2657 priorem
1156 2572 1284 2655 quidem
1296 2573 1372 2637 libri

234 2676 329 2761 primi
345 2683 469 2761 partem
492 2676 581 2760 prius
604 2678 768 2742 elaborata
789 2695 862 2742 esse
884 2696 980 2760 qnam
1003 2676 1198 2760 prooemium
1222 2675 1368 2742 alterius.

236 2780 294 2845 His
310 2780 408 2862 igitur
422 2779 510 2862 loeis,
527 2779 554 2844 si
570 2781 612 2845 ab
628 2780 697 2864 ipso
712 2785 809 2864 poeta
825 2800 884 2845 eae
900 2780 1105 2864 repetitiones
1120 2779 1153 2844 in
1170 2779 1373 2864 expoliendis

236 2883 428 2949 carminibus
458 2884 563 2948 laetae
594 2883 676 2962 sint,
712 2883 754 2948 nd
787 2875 927 2968 inopiam
957 2883 1097 2948 Lucretii
1125 2883 1255 2967 propria
1283 2881 1372 2948 difli-

237 2987 343 3052 cilium
367 3008 472 3052 rerum
494 2987 592 3052 verba
618 2986 803 3051 inveniendi
832 2987 979 3070 refugere
1007 3007 1071 3052 non
1101 2987 1186 3052 licet.
1234 2985 1373 3050 Omnino

236 3111 328 3170 vero,
359 3097 394 3155 ut
423 3091 599 3156 carminum
629 3111 785 3156 conexum
816 3088 1016 3170 emendaret,
1049 3090 1270 3156 iterationibus
1298 3110 1373 3154 eum

237 3215 329 3260 usum
353 3215 425 3260 esse
447 3193 631 3276 negandum
654 3201 714 3259 est.
754 3195 925 3260 Praeterea
939 3193 1078 3278 plurium
1094 3201 1284 3276 argumenta
1298 3198 1374 3256 tan-

236 3305 349 3383 topere
371 3299 412 3363 ab
434 3298 482 3363 eis
505 3297 599 3377 loeis,
632 3297 685 3361 ubi
709 3298 865 3382 repetitae
888 3303 979 3375 sunt,
1006 3297 1197 3373 abhorrent,
1229 3302 1263 3361 nt
1285 3295 1374 3360 nullo

237 3401 330 3467 modo
352 3402 568 3482 intellegatur,
596 3400 723 3484 quade
745 3421 844 3466 eausa
866 3407 973 3466 tantas
997 3399 1207 3466 difficultates
1230 3399 1289 3465 sibi
1312 3418 1374 3483 pe-

238 3506 371 3590 pererit,
398 3525 468 3569 oum
492 3525 548 3569 eas
571 3503 746 3569 sententias
775 3504 866 3569 novis
897 3503 1003 3568 verbis
1033 3503 1117 3568 male
1147 3500 1374 3587 exprimendas

238 3611 403 3695 arriperet,
430 3610 519 3674 velut
540 3609 594 3689 IV,
622 3611 770 3671 nto—29
801 3607 866 3689 [cfr.
892 3629 947 3692 pg.
973 3609 1040 3684 73).

324 3713 422 3778 Nulla
444 3712 540 3795 igitur
563 3712 675 3777 harum
699 3711 959 3796 explicationnm‚
985 3731 1070 3792 quae
1092 3709 1135 3776 ad
1150 3716 1279 3794 poetam
1294 3729 1374 3773 aue-

238 3826 338 3884 torem
360 3823 515 3901 spectant,
542 3815 588 3880 ita
608 3822 793 3901 comparata
816 3821 874 3894 est,
901 3819 936 3879 ut
951 3833 1062 3879 omnes
1083 3813 1271 3880 iterationes
1285 3831 1374 3876 com·

239 3921 426 4007 prehendat.
466 3921 541 4004 Ipse
564 3919 728 3984 meliorem
751 3918 892 4002 reperire
915 3937 978 3984 nou
1001 3917 1091 4002 potui
1114 3936 1217 4000 neque
1241 3914 1374 4000 reperiri

239 4045 336 4111 posse
358 4033 449 4110 puto;
476 4043 586 4105 quare,
613 4043 684 4086 cnm
707 4023 747 4087 ab
771 4021 836 4086 alia
852 4020 975 4086 ratione
991 4039 1182 4104 progressus
1198 4038 1254 4084 eas
1269 4015 1375 4102 expli-

241 4151 315 4196 care
338 4129 488 4209 conabor,
515 4126 693 4192 temeritate
716 4125 800 4190 trabi
822 4145 886 4189 non
908 4123 1051 4190 videbor.

325 4232 482 4296 Existimo
506 4229 591 4295 enim
614 4229 796 4294 aLneretio
818 4228 890 4312 ipso
913 4247 1037 4312 paucas
1061 4226 1248 4292 iterationes
1271 4225 1374 4289 laena
