3010 4896
267 271 321 375 ια’
701 347 743 358 -
789 309 886 393 [122]
932 347 972 357 -

266 507 348 572 sium
373 505 525 571 memoria
552 505 660 572 classis
682 505 795 572 victrix
822 506 856 570 in
878 504 1025 570 Piraeum
1052 504 1175 570 insecta
1197 512 1259 582 est,
1287 506 1401 590 optime

266 614 328 680 dici
350 613 506 678 videntur.
541 611 624 678 Nam
642 612 727 698 quod
743 612 906 678 Rsnnerus
928 633 958 695 p.
980 613 1020 676 13
1043 611 1147 678 locum
1170 612 1302 680 Diodori
1319 633 1401 679 com-
1492 641 1493 678 l

265 725 372 804 parat:
403 714 695 803 παρακαλούντων
724 718 760 783 δὲ
783 707 889 783 αὐτὸν
915 708 1001 804 πρὸς
1030 711 1071 782 τὸ
1100 727 1296 805 συνεργῆσαι
1322 736 1400 785 συν-
1492 729 1493 784 Τ

266 825 421 892 επένευσε
451 827 507 892 καὶ
534 833 591 912 τῆς
617 825 678 910 μὲν
701 819 820 908 Σάμου
846 818 990 909 Θώρακα
1018 817 1079 890 τὸν
1102 822 1319 913 Σπαρτιάτην
1341 819 1400 912 dp·

264 924 391 1018 μοστὴν
414 931 625 1019 κατέστησεν,
648 923 749 1009 αὐτὸς
773 931 808 996 dt
830 921 912 1017 μετὰ
930 937 1021 996 νεῶν
1039 923 1160 998 ἑκατὸν
1178 932 1401 1000 κατέπλευσεν

265 1037 311 1117 εἰς
333 1031 395 1106 τὸν
414 1040 554 1124 Πειραιᾶ
577 1038 676 1126 (XIV,
694 1039 725 1116 3,
742 1038 788 1122 5),
814 1037 912 1104 verba
934 1029 1036 1115 αὐτὸς
1063 1034 1099 1104 de'
1126 1061 1189 1105 non
1215 1041 1318 1106 minus
1340 1041 1402 1107 sol-

185 1205 192 1220 ,
264 1146 410 1212 lemniter
436 1147 642 1231 pronuntiata
670 1166 738 1211 esse
764 1150 867 1221 ratus,
898 1165 969 1210 cum
995 1151 1102 1211 tamen
1129 1146 1208 1214 haec
1234 1149 1273 1213 de
1299 1148 1402 1214 altem

263 1253 400 1319 adventu
426 1253 610 1337 accipienda
637 1273 704 1318 esse
731 1257 852 1319 certum
880 1253 934 1318 sit:
966 1273 1028 1316 non
1056 1258 1105 1319 est
1131 1275 1187 1319 our
1214 1254 1276 1319 ista
1302 1253 1403 1318 fusius
1492 1251 1493 1310 ἶ

264 1359 449 1424 refellamus
494 1360 605 1445 Lysias
626 1360 725 1444 igitur
747 1358 915 1441 optimates
938 1365 1033 1424 antea
1055 1359 1090 1443 (ἕ
1112 1359 1166 1448 ll)
1189 1360 1223 1424 id
1247 1360 1404 1426 studuisse
1492 1405 1493 1416 t

263 1467 413 1544 narravit,
434 1472 472 1531 ut
493 1473 567 1532 ante
588 1487 697 1550 pacem
719 1465 966 1531 concludendam
988 1466 1049 1530 viri
1072 1466 1120 1530 illi
1143 1487 1160 1532 e
1182 1467 1287 1532 medic
1309 1467 1404 1532 tolle-

263 1579 385 1651 rentur;
412 1573 476 1639 iam
498 1573 558 1640 hoc
580 1574 647 1640 loco
670 1573 809 1656 graviter
832 1579 864 1638 et
887 1594 957 1637 cum
979 1573 1010 1637 vi
1033 1575 1170 1658 quadam
1191 1574 1308 1659 pergit,
1331 1595 1404 1640 cum
1492 1563 1493 1610 l

263 1680 348 1762 capti
374 1687 491 1758 essent,
518 1686 586 1746 tum
613 1679 731 1746 factum
758 1671 839 1757 csse,
866 1685 903 1745 ut
929 1681 1091 1765 Lysander
1117 1680 1152 1745 in
1178 1681 1325 1746 Piraeum
1351 1681 1403 1746 in-

262 1785 430 1852 veheretur
461 1791 494 1853 et
526 1787 631 1853 omnia
660 1787 745 1852 mala
773 1786 807 1852 in
838 1786 949 1852 urbem
981 1786 1205 1871 irrumperent:
1241 1808 1322 1871 quae
1354 1789 1404 1853 vis
1492 1839 1493 1876 y

261 1893 350 1958 nulla
373 1899 467 1971 esset,
490 1895 517 1959 si
540 1899 608 1958 tum
630 1914 692 1977 pax
715 1894 778 1960 iam
801 1899 932 1978 accepta
954 1893 1073 1960 hiisset

801 2233 864 2314 lll.

350 2429 472 2504 sesai,
499 2432 536 2493 ut
558 2427 597 2492 ne
621 2426 863 2512 eroaricus
889 2451 918 2513 p.
942 2427 984 2492 aa
1008 2427 1080 2492 ean.
1107 2429 1139 2512 1)
1163 2428 1303 2494 namus
1327 2449 1404 2494 sen·
1492 2401 1493 2450 ¹

261 2537 371 2612 tentia,
392 2537 448 2618 qui
469 2535 511 2600 ad
529 2535 702 2618 simplicem
719 2533 936 2618 Xenophontis
959 2534 1174 2600 narrationem
1195 2535 1405 2614 redeundum,
1492 2585 1493 2606 2

260 2640 372 2727 Lysiae
402 2647 508 2708 autem
538 2641 693 2708 rationem
725 2643 851 2708 omnino
881 2663 945 2707 non
976 2640 1153 2706 habendam
1185 2663 1253 2708 esse
1284 2649 1404 2708 censet.
1492 2649 1493 2686 ³

260 2749 372 2834 ltaque
402 2770 511 2833 pacem
541 2754 634 2833 putat
664 2752 791 2833 postero
818 2748 870 2814 die
898 2769 992 2832 quam
1023 2747 1162 2813 redierat
1188 2748 1405 2816 Theramenes
1492 2831 1493 2838 ρ

260 2859 420 2940 acceptam
443 2875 519 2933 csse,
540 2856 667 2940 Lysiam
689 2861 796 2921 autem
818 2855 960 2922 consulto
983 2875 1088 2920 rerum
1107 2854 1250 2920 ordinem
1271 2876 1405 2938 perver-
1492 2849 1493 2906 5

260 2969 336 3040 tere,
354 2983 424 3027 cum
442 2962 573 3029 insidias
591 2967 702 3028 contra
718 2965 801 3028 viros
823 2963 991 3046 populares
1010 2961 1050 3028 ab
1070 2960 1275 3046 optimatibus
1293 2969 1404 3045 poste-
1492 2957 1493 2964 '

259 3071 342 3136 riona
365 3075 506 3154 tempore
529 3075 665 3135 structas
687 3076 762 3135 ante
784 3091 893 3153 pacem
911 3075 1072 3155 acceptam
1090 3068 1191 3135 factm
1208 3067 1317 3152 fingat
1341 3071 1404 3135 sci·
1492 3055 1493 3074 l

258 3176 335 3243 licet
356 3183 393 3242 ut
414 3197 478 3242 non
500 3177 601 3242 solum
619 3175 729 3242 mortis
748 3197 856 3241 eorum
873 3176 1011 3242 virorum
1031 3196 1156 3266 causam
1173 3175 1207 3239 in
1224 3176 1404 3260 Agoratum
1492 3183 1493 3234 ἰ

259 3283 439 3361 transierat,
457 3283 511 3350 sed
534 3285 634 3368 ipsam
653 3283 739 3348 illam
761 3284 1000 3367 ignominiosam
1019 3303 1127 3367 pacem
1146 3283 1176 3347 ei
1194 3282 1249 3348 det
1267 3282 1404 3348 crimini.
1492 3273 1493 3314 3

259 3390 327 3455 lam
352 3412 393 3456 ne
419 3390 522 3456 dicam
544 3411 564 3455 a
586 3389 725 3456 moribus
747 3388 860 3474 Lysiae
888 3389 1059 3456 abhorrere
1087 3388 1241 3454 eiusmodi
1257 3379 1403 3455 menda·
1492 3459 1493 3470 y

259 3497 343 3562 cium
368 3535 407 3545 -
431 3496 504 3562 nolo
531 3497 614 3562 enim
640 3495 897 3563 honorificentius
924 3496 1064 3562 iudicare
1092 3496 1132 3561 dc
1160 3495 1317 3561 causidico
1341 3495 1405 3562 At-

259 3602 322 3670 tico
334 3629 393 3669 -ι
412 3625 518 3670 verum
533 3608 571 3668 ut
589 3605 794 3670 concedamus
808 3603 935 3687 Lysiam
953 3603 1091 3688 partium
1106 3603 1211 3668 studio
1228 3602 1404 3669 adductum

259 3709 351 3777 facile
373 3708 454 3776 falsa
479 3710 650 3776 tradidisse
672 3716 705 3777 et
730 3715 873 3796 tempora
896 3708 1083 3786 confudisse,
1109 3708 1265 3775 iudicibus
1293 3716 1404 3776 tamen

259 3838 331 3882 enm
357 3816 422 3882 talo
448 3815 525 3902 quid
551 3818 741 3901 persuadere
763 3823 819 3883 aut
845 3817 1064 3901 potuisssent
1092 3822 1238 3882 conatum
1261 3837 1339 3894 csse,
1369 3819 1404 3883 id

259 3924 387 4006 quidem
410 3923 594 3990 incredibile
612 3931 669 3990 est.
707 3923 808 4005 Quid?
832 3923 950 3990 indices
969 3945 1040 3988 cum
1062 3923 1123 4008 ipsi
1145 3923 1253 4008 paucis
1272 3925 1365 3989 aunis
1375 3925 1404 4012 ¹)

260 4097 469 4104 ——m

350 4191 369 4253 ¹)
387 4189 445 4258 Quo
464 4195 586 4259 tempore
605 4189 692 4245 oratio
707 4191 775 4245 Xlll
794 4189 890 4245 habita
909 4189 953 4257 sit,
973 4195 1048 4245 certo
1067 4187 1176 4244 definiri
1194 4188 1303 4258 neqult3
1324 4188 1403 4245 vide-

259 4285 304 4333 tnr
322 4283 415 4333 tamen
433 4278 553 4348 spatium
571 4277 692 4349 quinque
710 4279 755 4335 vel
775 4296 823 4335 sex
842 4296 974 4335 annorum
992 4279 1182 4336 intercessisse
1205 4278 1280 4334 inter
1301 4297 1402 4351 pacem

261 4367 417 4424 conclusam
435 4367 641 4440 orationemque
658 4367 791 4426 habitam.
