3010 4896
253 327 296 390 οι
688 365 727 374 -
775 325 871 411 [176]
919 363 962 374 -

340 521 451 604 Neqne
473 520 567 586 aliter
590 521 623 586 in
646 541 673 587 v.
696 521 762 585 602

606 623 795 711 ῥυππαπαῖ,
822 629 872 704 τίς
895 625 1045 712 inpulsu

253 757 291 800 ex
323 734 455 812 scholio,
491 756 554 817 quo
587 734 793 820 epiphonema
831 731 983 800 ἱππαπαῖ
1016 736 1116 799 instar
1147 733 1399 818 epiphonematis

253 837 434 927 ῥυππαπαῖ
454 841 494 906 ab
514 840 727 926 Aristophane
745 841 914 907 formatum
933 861 1001 906 esse
1019 841 1195 924 exponitur,
1219 837 1402 926 ῥυππαπαῖ

254 949 380 1033 irrepsit
391 949 427 1032 ¹).
611 995 615 1004 ·

340 1074 439 1139 Porro
462 1075 495 1137 in
518 1095 544 1138 v.
568 1073 648 1138 909:

328 1171 414 1260 ἰδοὺ,
442 1179 539 1264 δέχου
562 1179 685 1265 κέρκον
708 1171 810 1264 λαγῶ,
838 1168 924 1244 ὥστε
947 1172 1007 1256 τὰς
1029 1175 1133 1265 λήμας
1155 1191 1314 1264 περιψοῖν

253 1287 351 1354 uerba
374 1278 461 1352 ὥστε
483 1279 543 1364 τὰς
560 1282 664 1374 λήμας
685 1299 841 1372 περιρρεῖν
864 1307 905 1351 υτ
926 1285 1055 1362 scholio,
1078 1286 1162 1369 quod
1184 1287 1217 1350 in
1236 1286 1398 1352 codicibus

259 1395 318 1460 Vc
344 1413 468 1478 quoquc
500 1399 660 1460 seruatum
688 1399 748 1470 est,
780 1395 902 1458 intrusa
933 1392 1101 1478 genuinam
1133 1393 1300 1458 lectionem
1334 1385 1398 1458 τιά-

252 1502 447 1586 φδαλμιδλω
466 1508 611 1587 περιψῆν
631 1501 699 1567 loco
717 1506 897 1576 mouerunt;
916 1500 1087 1583 eodemque
1105 1501 1198 1564 modo
1216 1499 1251 1564 in
1269 1522 1316 1565 vv.
1332 1500 1399 1564 920

252 1608 420 1674 921922:
449 1602 451 1606 ’

327 1707 525 1797 Ὑφολκτέον
548 1720 618 1778 τῶν
642 1710 756 1802 δᾴδων
779 1715 836 1779 καὶ
858 1705 1072 1800 ἀπαρυστέον
1100 1720 1171 1778 τῶν
1194 1720 1317 1799 κρεῶν,

252 1843 385 1905 quorum
408 1822 544 1908 genuina
566 1821 667 1887 forma
689 1821 769 1887 haec
791 1827 852 1886 est:

862 1918 1047 2010 ὑφελκτέον

551 2041 622 2101 τῶν
646 2035 818 2121 δαλῖαινῖ),
841 2025 1054 2120 ἀπαρυστέον

552 2165 588 2208 τε
611 2149 682 2208 τῶν
705 2136 854 2207 ἀπειλῶν
878 2142 996 2225 ταυτῃί

251 2267 432 2351 corruptela
454 2268 537 2350 apud
563 2266 694 2332 Suidsm
716 2268 790 2332 inde
813 2274 884 2332 orta
907 2273 964 2343 est,
988 2266 1071 2350 quod
1094 2267 1126 2329 in
1146 2265 1264 2332 scholio
1283 2267 1397 2332 addito

252 2375 330 2441 heec
352 2375 513 2458 leguntur:
537 2380 639 2439 τοῦτο
662 2381 820 2439 ποιοῦσιν
840 2363 927 2461 ὅταν
949 2368 1106 2455 παφλάζρ
1126 2364 1145 2437 ὁ
1164 2372 1269 2459 λέβης,
1293 2365 1397 2454 ἀφαι-

249 2488 388 2567 ροῦντες
411 2478 448 2544 ἐκ
471 2487 541 2546 τῶν
563 2487 683 2566 κρεῶν.

339 2605 492 2672 Similiter
515 2607 548 2670 in
571 2627 617 2671 vv.
641 2607 705 2670 989
729 2605 809 2670 99οι

276 2705 340 2799 llic
358 2713 502 2798 Δωριστὶ
518 2707 626 2798 μόνην
647 2705 811 2798 ἁρμονίαν
830 2703 1057 2796 ἁρμόττεσθαι
1071 2707 1165 2795 θάμα
1179 2702 1240 2798 τὴν
1254 2707 1373 2796 λύραν,
1488 2777 1489 2798 ρ

249 2841 312 2883 uox
339 2811 502 2905 ἁρμονίαν
529 2819 652 2902 glossae
680 2819 814 2884 debetur
834 2818 947 2883 vuerbis
974 2810 1036 2905 τὴν
1064 2819 1207 2903 Δωριστὶ
1234 2817 1308 2882 olim
1337 2818 1395 2882 ad·
1488 2813 1489 2896 l

250 2928 385 3011 scriptae
394 2927 430 3012 3).
463 2925 623 3010 Syllabam
642 2933 749 2991 autem
766 2925 894 2990 breuem
914 2946 994 3009 quas
1012 2927 1212 2990 desideratur
1229 2926 1262 2990 in
1281 2948 1308 2990 v.
1327 2926 1394 2990 989
1454 2915 1461 2926 ⁸
1488 2913 1489 2990 l

249 3039 334 3098 reete
352 3033 547 3118 suppleuissc
564 3033 692 3097 uidetur
710 3031 932 3115 Bernhardyus
949 3031 1011 3115 μὲν
1032 3039 1104 3115 post
1122 3026 1229 3118 μόνην
1247 3032 1395 3114 positam.
1488 3021 1489 3058 ²

338 3158 418 3222 Item
444 3157 632 3222 1129-30:
660 3160 785 3222 Τοῦτον
809 3148 849 3235 δ’,
873 3146 955 3221 ὅταν
978 3143 999 3240 ᾗ
1021 3154 1142 3236 πλέαις,

654 3258 864 3339 ταπεινώσας
888 3257 1035 3343 ἐπάταξα

251 3428 290 3436 -—
325 3381 406 3474 ἀρας
442 3382 590 3469 ἐπάταξα
621 3409 692 3452 cum
727 3387 888 3453 codicibus
920 3387 1160 3470 Aristophaneis
1192 3386 1394 3453 scribendum

249 3501 297 3560 est
316 3534 356 3543 -
377 3490 587 3572 ταπεινώσας
605 3495 739 3560 debetur
757 3493 889 3560 scholio:
918 3485 994 3558 'ivri
1007 3500 1070 3558 τοῦ
1087 3493 1220 3580 γένηται
1238 3491 1392 3575 φαεινός

250 3711 462 3720 ...——-——--

323 3853 341 3918 ¹)
365 3852 493 3906 Ceterum
517 3867 535 3904 a
557 3849 641 3906 Suids
668 3848 781 3904 uocibus
806 3847 959 3920 ῥυππαπαῖ
978 3856 1007 3904 et
1029 3846 1157 3904 ἱππαπαῖ
1172 3856 1278 3905 rectum
1306 3851 1394 3906 tribui

249 3949 392 3996 accentum
421 3938 625 3994 circumflexum
654 3945 726 3994 teste
753 3939 911 3994 Herodiano
935 3940 957 4004 (Ι
982 3956 1025 4008 pg.
1049 3939 1111 4006 502)
1139 3939 1231 3994 docuit
1254 3939 1392 3995 Aemilius

249 4029 368 4085 Schinok
387 4029 414 4082 in
435 4028 543 4096 libello,
568 4044 649 4097 quem
667 4027 781 4097 scripsit
798 4027 832 4082 de
851 4027 1073 4083 interiectionem
1092 4028 1391 4098 epiphonematumque

249 4118 278 4174 ui
296 4123 380 4186 atque
400 4133 450 4172 usu
468 4118 542 4186 apud
560 4116 774 4186 Aristophanem
795 4119 848 4186 (υς.
867 4117 920 4182 96).

322 4205 342 4274 ⁹)
361 4206 482 4261 correxit
496 4205 650 4274 senoniae
666 4205 774 4261 codices
790 4199 881 4280 δᾴδων
896 4205 1016 4269 RVFM,
1036 4201 1219 4278 δάδων,ΡθΔ,
1237 4207 1341 4261 δαδῖων
1355 4207 1390 4260 Α.

321 4295 341 4363 ³)
360 4297 394 4352 de
412 4295 465 4350 hac
484 4295 571 4365 figura
590 4295 772 4366 etymologica
785 4293 918 4350 nonnulla
935 4295 1079 4350 adnotcuit
1093 4295 1248 4352 Lobeckius
1266 4297 1389 4366 Paralip.

249 4403 292 4456 υς.
313 4387 373 4440 591.
