3008 4884
557 390 601 403 -
648 353 732 438 [463]
780 389 823 402 -
1198 355 1257 420 1¹3

121 545 175 612 ubi
199 543 339 628 loquitur
362 543 550 612 Cornificius
572 545 613 612 dc
636 545 739 630 priore
762 545 820 611 illa
837 543 1011 611 divisione:
1045 568 1083 608 eo
1104 543 1258 608 diuiditur

120 649 154 711 in
178 650 256 713 duos
272 649 398 733 portio:
433 649 694 713 cuumcrutiouem
716 656 748 712 et
769 648 1002 732 expositionem.
1028 648 1258 712 enumeratione

121 761 256 830 utemur,
281 775 351 816 cum
373 753 509 817 dicemus
531 775 659 816 numero
676 749 775 838 (reo),
801 759 876 837 quot
898 753 936 815 de
957 753 1050 816 rebus
1072 750 1191 815 dicturi
1203 774 1257 815 ou-

121 877 211 930 mus‚·
233 893 276 902 -
298 855 450 939 expositio
472 863 529 934 cot,
559 877 629 918 oum
650 876 713 931 roo,
745 854 854 938 quihus
882 855 921 918 de
942 855 1035 918 reboo
1064 852 1183 918 dicturi
1201 877 1256 917 ur-

119 981 199 1034 mm,
227 959 419 1043 ceponium,
451 957 483 1024 h.
509 978 538 1024 c.
565 958 701 1042 primum
724 964 800 1040 quot
822 957 862 1024 dc
884 957 980 1024 rebus
1003 954 1118 1022 dicturi
1141 957 1252 1040 simun,

119 1059 239 1127 deinde
260 1080 343 1143 quae
366 1061 432 1126 nint
453 1081 512 1127 ene
533 1081 586 1126 ros
609 1080 818 1146 exponemus.
867 1059 1056 1145 Exemplum
1073 1059 1145 1126 vide
1168 1061 1255 1145 apud

119 1163 190 1229 Cio.
216 1165 309 1232 Roso.
335 1165 406 1230 Am.
436 1169 485 1248 13,
509 1168 548 1228 35
580 1172 643 1228 trec
671 1173 745 1228 sunt
773 1184 823 1228 reo
845 1172 903 1228 cto.
934 1163 1158 1247 (emunctio),
1192 1165 1256 1227 cri-

118 1289 192 1330 men
213 1305 256 1314 —
278 1267 413 1333 oudooio
435 1304 476 1314 —
494 1267 639 1350 potentio
662 1267 847 1350 (copositio).
896 1264 1106 1332 Scribendum
1123 1273 1173 1332 est
1194 1267 1258 1350 igi-

119 1377 188 1436 tur:
216 1393 277 1454 per
299 1371 560 1435 enumerationem
582 1394 620 1434 uo
635 1393 698 1454 per
719 1369 959 1453 expositionem
990 1389 1064 1435 nam
1087 1378 1142 1434 out
1164 1377 1196 1434 et
1218 1393 1256 1432 uc

119 1473 156 1537 in
178 1473 340 1539 codicibus
370 1494 468 1558 saepe
491 1473 644 1540 confundi
673 1493 772 1558 supro
792 1471 931 1556 vidimus
958 1471 1000 1538 od
1024 1473 1120 1538 Corn.
1137 1473 1180 1554 ΙΙ,
1202 1477 1252 1550 16,

118 1578 175 1638 23.
222 1576 372 1643 Ceterum
393 1576 520 1660 1v‚40,
541 1580 582 1640 52
611 1576 722 1640 divisio
751 1575 836 1642 idem
865 1571 1028 1660 signifiat
1047 1574 1131 1658 quod
1154 1576 1179 1658 1,
1201 1581 1251 1658 10,

124 1682 162 1740 17
186 1679 364 1744 deminuo
386 1699 470 1763 quoe
492 1699 569 1765 paro
591 1687 641 1746 est
662 1679 838 1744 divisionis.-

209 1783 520 1866 eorn.1v,47‚oo
549 1805 619 1848 com
647 1803 795 1868 nomm
821 1783 941 1867 populo
975 1782 1174 1847 commonuit
1206 1783 1255 1846 teis

115 1885 213 1948 reboo
235 1887 508 1970 exspectationem
534 1887 588 1952 ubi
605 1885 671 1952 sere
686 1886 848 1951 commorit
862 1885 903 1950 iio
921 1887 1013 1951 rebus
1032 1908 1063 1971 p,
1084 1907 1152 1950 cum
1167 1887 1255 1950 nori-

118 1988 193 2052 ticie
207 1991 299 2053 rebus
320 1989 354 2072 h,
379 1988 512 2054 unito
533 1991 625 2054 rebus
647 2013 685 2054 π.
725 1989 937 2056 Restitucnda
958 1996 1008 2056 cst
1026 1987 1120 2055 lectio
1135 1989 1255 2056 codicis

109 2115 143 2174 p
165 2091 229 2156 iam
245 2093 287 2157 ab
301 2091 421 2160 Orellio
443 2093 577 2178 probata
598 2099 722 2160 mutata
744 2112 810 2159 una
830 2093 956 2160 littera:
981 2093 1135 2170 conmorit
1149 2093 1188 2156 iis
1202 2115 1253 2157 re-

115 2197 190 2259 boo.
234 2195 432 2262 Testimonio
454 2202 504 2262 cst
526 2195 596 2262 cod.
622 2195 653 2276 It,
680 2196 771 2263 ouius
794 2197 889 2263 lectio
910 2219 979 2262 cum
1000 2196 1085 2261 norit
1107 2196 1182 2262 indo
1204 2197 1254 2262 vi-

114 2295 213 2362 detur
235 2318 306 2364 esse
328 2307 415 2382 orto,
451 2300 537 2382 qood
559 2300 680 2386 primus
702 2299 829 2366 litterae
851 2323 882 2363 m
911 2307 1033 2365 tractus
1063 2299 1146 2366 falso
1175 2321 1254 2366 oon-

114 2402 246 2467 iunctus
269 2409 319 2468 cst
341 2423 412 2467 cum
442 2389 658 2488 praecedento
677 2425 716 2484 u;
749 2404 825 2469 item
854 2405 893 2467 iis
922 2405 1018 2488 poulo
1049 2405 1179 2487 propius
1210 2403 1252 2468 ad

112 2503 264 2570 codicum
287 2505 440 2572 lectiones
462 2506 586 2573 accedit
608 2527 703 2590 qoam
726 2505 785 2570 tic.
