3034 4896
714 299 927 360 -28-

257 483 326 552 ἀλλ’
367 486 507 574 ἐφέρετο
545 483 631 550 κατὰ
667 481 704 550 τὸ
740 479 882 570 ἄπειρον
915 481 1013 550 arado
1046 484 1277 568 διεσπαρμένα
1315 477 1397 548 οὐκ
1509 551 1510 562 ,

258 591 412 673 ἔχοντα
436 587 485 654 τὰ
507 584 802 672 ὑπερείόαατα
825 589 895 652 καὶ
925 588 1162 654 στέλλοντα
1186 583 1293 650 κατὰ
1315 583 1397 662 τὰς
1509 663 1510 668 ¹

257 689 500 770 ἀνακοπάςι
522 694 590 768 ,αἱαὶ
612 692 735 758 infinito
751 711 883 757 numero
898 700 1016 770 essent,
1043 691 1217 775 primordia
1232 710 1397 772 nusquam
1509 725 1510 794 p

256 798 477 878 consisterent,
504 795 562 864 sed
585 796 742 862 ferrentur
763 816 821 879 per
835 793 993 860 infinitum
1008 795 1104 860 inane
1120 795 1277 878 dispersa,
1304 793 1399 876 quod

257 922 320 966 nou
344 921 383 966 ea
404 899 570 978 baberent,
597 918 679 981 quae
702 899 913 976 sustinerent,
940 897 1120 979 siquando
1143 900 1262 982 plagae
1284 898 1399 962 resili-

257 1013 338 1070 rent.
385 1002 489 1081 Quem
512 1021 643 1068 causam
667 1001 754 1085 allud
777 999 960 1066 lucretium
989 1001 1023 1064 in
1049 1001 1195 1066 versibus
1229 1003 1397 1064 1042—S

257 1108 404 1191 legimus.
452 1105 587 1170 Addidit
616 1105 685 1188 ipse
708 1105 843 1168 alteram
866 1123 953 1179 eam,
980 1103 1065 1186 quod
1085 1104 1119 1168 in
1142 1111 1297 1187 perpetus
1318 1105 1398 1170 rice
1509 1111 1510 1170 ζ

257 1211 353 1275 rebus
376 1229 461 1274 nova
486 1227 610 1291 semper
632 1206 786 1271 alimenta
808 1205 998 1271 adducenda
1020 1213 1137 1272 essent.

348 1310 461 1393 (Quam
495 1329 625 1376 caueam
655 1329 719 1374 non
748 1308 938 1392 locupletem
975 1327 1048 1374 esse
1085 1309 1286 1378 manifestum
1318 1319 1396 1375 est:
1509 1359 1510 1368 ,

262 1415 367 1499 possis
390 1413 474 1479 enim
504 1413 661 1495 cogitare,
694 1412 727 1477 in
758 1431 883 1477 summa
912 1421 1021 1477 creata
1053 1432 1106 1490 ea,
1134 1431 1216 1494 quae
1246 1413 1287 1476 ab
1317 1413 1400 1477 aliis

257 1517 351 1582 rebus
367 1515 508 1582 defluant
524 1514 707 1600 primordia,
733 1535 804 1580 cum
821 1521 952 1580 aeterna
967 1515 1040 1594 sint,
1067 1515 1151 1580 alias
1174 1535 1328 1596 recreare,
1360 1524 1400 1580 ut
1509 1547 1510 1560 2

257 1619 350 1701 quasi
373 1619 589 1702 compensatio
612 1615 770 1699 quaedam
792 1617 875 1682 iuter
896 1636 1007 1682 omnes
1026 1636 1078 1682 res
1094 1616 1161 1700 fiat,
1187 1637 1251 1699 qua
1266 1637 1399 1684 summa
1509 1669 1510 1680 ,

258 1730 366 1788 creata
388 1723 556 1801 servetur.)

342 1825 456 1907 Neque
477 1830 583 1888 tamen
599 1823 766 1888 Lueretius
782 1823 842 1888 bas
858 1822 939 1887 duas
955 1841 1080 1902 causas,
1106 1822 1194 1905 quod
1209 1831 1395 1906 exspectes,

256 1927 482 1993 illisversibus
503 1928 685 2008 (lore-8),
713 1925 755 1990 ad
778 1944 857 2008 quos
879 1925 1047 2008 pertinent,
1074 1925 1231 2004 adiunxit,
1258 1924 1317 1991 sed
1340 1927 1399 1990 in·
1509 1983 1510 1990 ,

258 2030 358 2096 seruit
385 2049 496 2096 versus
528 2031 607 2094 1021
633 2047 701 2112 sqq.
732 2035 895 2110 tamquam
918 2027 1123 2108 anacolutbo,
1158 2037 1192 2093 nt
1213 2029 1286 2093 illos
1308 2027 1398 2094 duos

257 2131 470 2198 confirmaret:
1509 2129 1510 2140 ’

367 2236 449 2298 1019
479 2232 543 2296 sive
565 2233 641 2296 odeo
659 2231 767 2314 potius
788 2254 958 2316 numqaum
980 2242 1125 2296 condeta
1146 2241 1282 2296 occaecat

478 2336 577 2399 ullum
599 2357 675 2409 rem,
702 2334 846 2417 quantem
869 2335 941 2418 copi
961 2335 1092 2400 dr'eiecta
1113 2336 1279 2418 nequrbact.

258 2440 342 2504 Nam
365 2457 548 2514 concursus,
574 2437 688 2518 inquit,
714 2437 865 2504 materiae
887 2439 920 2502 in
943 2438 1051 2522 plagis
1073 2438 1197 2522 positus
1223 2447 1282 2517 est,
1309 2459 1399 2522 quae
1509 2511 1510 2520 ,

259 2550 366 2607 tamen
389 2540 508 2605 frustra
530 2540 687 2620 laborant,
713 2540 786 2620 nisi,
814 2541 959 2621 quotiens
974 2541 1099 2606 resilire
1114 2550 1281 2624 coguntur,
1307 2544 1399 2624 quod
1509 2593 1510 2608 t

258 2642 415 2710 interdum
439 2643 474 2708 fit
502 2641 568 2719 [cfr.
590 2646 696 2724 1046),
723 2663 764 2708 ex
787 2642 912 2708 infinita
934 2643 1027 2727 copia
1048 2645 1201 2714 materiae
1224 2664 1308 2710 nova
1324 2647 1399 2729 pri-

260 2745 383 2810 mordia
405 2765 513 2810 eorum
536 2745 641 2810 locum
664 2753 831 2829 occupant,
857 2764 939 2826 quae
962 2745 1179 2811 resilientibus
1196 2746 1262 2810 illis
1278 2747 1399 2812 abillo

259 2855 351 2914 coetu
374 2848 526 2913 materiae
549 2847 725 2914 discedant.
766 2849 835 2912 Hoc
856 2848 953 2930 igitur
976 2849 1044 2914 sine
1067 2848 1163 2913 dubio
1187 2848 1299 2914 sentit:
1328 2853 1399 2934 pri-

260 2951 381 3016 mordia
396 2951 534 3035 primum
556 2951 662 3034 plagis
685 2951 730 3015 ita
752 2957 947 3033 congregata
962 2970 1044 3029 esse,
1070 2958 1107 3015 ut
1121 2951 1268 3034 singulae
1282 2963 1398 3036 partes
1509 2999 1510 3024 r

260 3061 439 3120 orerentur:
472 3063 507 3119 ut
534 3063 641 3119 autem
664 3060 762 3118 totam
786 3073 942 3118 summam
967 3061 1105 3118 creatam
1129 3055 1306 3120 consistere
1330 3077 1397 3121 non

259 3177 365 3240 posse,
390 3157 451 3222 nisi
467 3156 684 3221 resilientibus
700 3157 806 3240 plagis
828 3165 862 3221 et
877 3155 1057 3239 primordiis
1080 3155 1200 3239 aliquot
1222 3157 1399 3224 disceden-

259 3260 344 3324 tibus
359 3258 425 3323 alia
441 3279 481 3324 ex
497 3257 620 3323 infinita
636 3259 789 3324 materiae
804 3259 896 3343 copia
912 3267 1131 3324 succurrerent
1147 3261 1334 3360 (tolo—8),
1348 3264 1399 3327 sic

259 3362 354 3427 etiarn
371 3361 444 3426 illas
461 3367 567 3445 partes
584 3361 756 3426 consistere
771 3381 834 3426 nou
850 3361 1003 3444 potuisse,
1023 3362 1085 3427 nisi
1104 3363 1150 3428 eis
1166 3383 1251 3428 nova
1265 3383 1398 3449 semper
1509 3423 1510 3428 ,

260 3463 433 3547 primordia
456 3470 610 3546 suggesta
632 3471 756 3540 essent,
784 3463 880 3545 idque
903 3484 943 3530 ex
964 3463 1090 3529 infinita
1112 3465 1203 3549 copia
1225 3466 1392 3533 materiae.

346 3563 395 3630 Ob
419 3585 489 3630 eam
518 3565 617 3647 igitur
646 3585 775 3630 causam
806 3585 918 3632 versus
950 3568 1117 3630 lbet-8
1148 3574 1213 3632 tam
1241 3566 1398 3635 difficiles
1509 3629 1510 3658 ,

260 3675 351 3746 suut,
377 3668 462 3748 quod
484 3667 584 3732 menti
600 3675 729 3752 poetae,
756 3689 829 3734 cum
853 3669 910 3734 hos
939 3669 1109 3747 scriberet,
1143 3670 1208 3734 iam
1237 3670 1271 3736 id
1295 3692 1397 3755 argu·
1509 3659 1510 3680 ¹

261 3778 400 3836 mentum
416 3771 657 3851 obversabatur,
683 3771 768 3855 quod
789 3781 902 3856 postea
919 3773 1064 3838 versibus
1088 3776 1246 3838 rota-8
1262 3777 1397 3860 exposi-

259 3881 349 3939 turus
372 3880 448 3938 erat.
489 3873 652 3939 Delendos
675 3881 781 3940 autem
803 3875 877 3939 illos
901 3894 972 3940 esse
996 3882 1030 3939 ut
1052 3895 1093 3940 ex
1109 3877 1146 3955 V,
1166 3879 1327 3942 ‹tls-23.
1354 3882 1396 3942 28

262 3976 345 4042 falso
357 3977 486 4042 iteratos
499 3983 531 4041 et
543 3977 583 4042 ob
595 3977 676 4042 hanc
690 3997 820 4042 causam
834 3984 865 4042 et
877 3978 916 4042 ob
930 3978 1075 4051 alteram,
1092 3999 1186 4062 quam
1199 3980 1305 4044 statim
1318 4001 1397 4064 pro-

260 4100 389 4164 ponam,
415 4079 618 4144 nullomodo
641 4080 773 4145 concedi
796 4088 910 4164 potest,
937 4082 1099 4164 quoniam,
1125 4082 1154 4147 si
1176 4084 1205 4147 ei
1229 4081 1393 4162 deessent,

260 4202 372 4249 versus
