3010 4896
514 407 558 417 -
604 367 700 453 [rra]
748 407 790 417 -
1181 367 1222 432 31

171 563 290 630 Contra
317 561 353 645 ἐξ
375 553 416 630 ού
439 565 565 649 saepius
587 563 627 630 iis
651 585 776 648 quoque
798 565 878 630 locis
900 569 1085 647 usurpatur,
1112 564 1228 648 quibus

91 663 143 753 εἶφ’
165 660 206 736 οὗ
228 670 351 755 legibus
375 671 514 738 metricis
537 692 599 737 non
622 678 765 738 uetatur:

129 779 272 863 Aeschyl.
295 778 381 844 Pers
406 779 470 843 762
495 775 530 860 ἐξ
552 767 630 844 odra
649 769 748 865 τιμήν
765 769 848 856 Ζεύς
867 772 952 860 ἄναξ
968 770 1063 865 τήνδ’
1081 771 1229 857 ὤπασεν,

130 885 257 952 Eumeu.
281 885 324 950 25
347 883 384 968 ἐξ
406 873 483 952 οὗτε
508 881 655 969 Βάκχαις
678 881 918 972 ἐστρατήγησεν
941 881 1033 965 θεός,

131 991 224 1076 Soph.
248 991 361 1058 Trach.
384 993 427 1058 38
452 990 487 1074 ἐξ
509 981 551 1058 οὗ
573 983 635 1078 γὰρ
659 987 740 1057 ἔκτα
762 1005 873 1069 κεῖνος
895 983 1019 1073 Ἰφίτου
1041 993 1128 1073 βίαν,

131 1098 214 1164 Aiac
240 1099 324 1165 1337
350 1097 386 1180 ἐξ
408 1088 449 1164 οὗ
471 1091 631 1186 λκράτησα
652 1105 724 1163 τῶν
747 1091 932 1183 Ἀχιλλείων
956 1089 1084 1179 όπλων,

132 1207 167 1272 0.
190 1206 226 1271 R
252 1208 335 1273 1201
363 1205 398 1288 ἐξ
420 1195 462 1272 οὗ
485 1207 542 1272 καὶ
563 1197 716 1287 βασιλεὺς
738 1209 843 1285 καλεῖ,

131 1311 239 1398 Eurip.
261 1313 376 1380 Troad.
398 1315 420 1377 4
447 1311 482 1394 ἐξ
504 1301 545 1379 οὗ
567 1305 630 1398 γὰρ
653 1304 738 1397 ἀμφὶ
765 1309 866 1399 τήνδε
898 1305 1048 1401 Τρωικήν
1074 1310 1231 1402 χθόναῐ)Ι

175 1420 289 1488 Nescio
306 1443 346 1486 an
366 1421 470 1487 eidem
486 1420 661 1486 temeritati
679 1419 797 1486 Suidac
819 1419 996 1488 debeantur
1014 1423 1232 1506 corruptiones

177 1549 204 1593 v.
227 1529 270 1594 49
294 1545 362 1594 τισι
385 1550 442 1613 pro
465 1520 597 1613 ἄκροισι
620 1533 653 1593 et

177 1655 203 1700 v.
230 1636 293 1701 104
315 1631 437 1721 θύραις
459 1656 518 1719 pro
539 1630 690 1721 βύρσαις;
717 1635 824 1719 priore
847 1635 930 1701 enim
952 1635 1021 1701 loco
1044 1637 1232 1721 scripturam

97 1743 256 1825 genuinam
287 1741 503 1808 oblitteratam
535 1741 632 1807 fuisso
663 1741 834 1808 uerisimile
867 1743 965 1828 σοι’),
996 1763 1090 1827 quam
1118 1743 1233 1810 Suidas

98 1849 269 1913 coniectura
295 1848 470 1932 Byzantino
497 1849 702 1933 compilatore
730 1849 827 1932 digna
853 1854 887 1913 et
913 1848 1015 1914 inuito
1042 1855 1144 1916 metro
1166 1868 1233 1915 τισι

99 1956 203 2020 rocula
225 1957 351 2040 explere
375 1977 437 2021 non
459 1955 634 2032 dubitauit;
657 1955 759 2021 altero
777 1955 846 2020 loco
864 1977 934 2020 oum
953 1953 1082 2022 Suidam
1101 1956 1234 2022 facetiae

102 2063 312 2146 Aristophanis
348 2064 516 2128 coriarium
553 2081 629 2128 uoce
664 2057 800 2146 βύρσαις
836 2060 1042 2144 significantis
1079 2063 1234 2148 fugerent,

102 2169 201 2234 inuitis
222 2170 361 2235 numeris
379 2165 510 2255 θύραις,
533 2169 617 2253 quod
636 2169 676 2234 ab
696 2169 820 2234 actione
839 2190 901 2234 non
920 2171 1014 2252 plane
1032 2169 1234 2246 abhorrebat,

102 2276 210 2342 comico
233 2277 411 2342 inculoauit

184 2508 366 2591 Sequuntur
392 2529 448 2573 eae
476 2507 575 2573 falsae
602 2508 778 2591 scripturae
804 2507 919 2592 quibus
946 2507 1108 2574 oculorum
1130 2529 1236 2574 errore

106 2615 244 2698 deceptus
267 2612 382 2680 Suidas
410 2615 526 2680 librum
553 2635 644 2680 snum
667 2615 749 2680 male
771 2614 923 2698 depinxit.
969 2613 1070 2699 Saepe
1093 2615 1176 2680 enim
1198 2636 1237 2680 ex

106 2721 213 2786 scholio
244 2721 296 2786 uel
328 2720 487 2806 adscripto
519 2721 570 2786 uel
603 2722 815 2806 superscripto
847 2719 961 2788 Suidus
994 2721 1148 2806 glossema
1178 2743 1237 2807 pro

106 2831 229 2908 genuina
248 2828 407 2912 scriptura
419 2829 451 2892 in
472 2828 603 2894 schedas
622 2829 846 2912 transmigrare
864 2829 965 2904 iussit,
982 2828 1082 2894 ueluti
1101 2829 1134 2895 in
1153 2850 1179 2893 v.
1194 2829 1237 2892 62

273 2929 292 3001 ὃ
317 2935 353 3000 δὲ
376 2927 423 3012 ὦς
446 2927 508 3024 ὁρᾷ
531 2930 790 3020 μεμακκοακότα
808 2929 870 3000 τόν
894 2931 1061 3022 δεσπότην

108 3042 195 3107 rerba
225 3035 288 3108 τόν
321 3037 489 3129 δεσπότην
520 3043 560 3108 ad
589 3042 906 3108 circumscribendum
933 3063 1104 3128 pronomen
1133 3033 1238 3108 αύτόν

109 3149 231 3232 margini
253 3151 409 3214 adnotata
431 3171 489 3233 pro
511 3151 649 3234 genuina
670 3150 806 3215 lectione
829 3150 1002 3234 descripsit.

187 3257 266 3321 ltcm
289 3257 322 3321 in
345 3279 372 3320 r.
396 3256 474 3322 2472

147 3375 233 3443 παῖε,
261 3374 339 3428 παῖε
367 3355 430 3428 τόν
458 3355 629 3449 ἀλιτήριον
656 3365 713 3428 καὶ
735 3370 930 3448 πανοῦργον
953 3365 1010 3428 καὶ
1031 3358 1237 3450 ταραξιππό-

682 3486 825 3557 στρατον

114 3597 165 3641 uox
185 3571 368 3666 ἀλιτήριον,
395 3599 476 3661 quae
504 3577 545 3642 ad
569 3577 787 3662 explicandum
810 3584 1005 3662 πανοῦργον
1028 3579 1240 3664 superscripta

114 3691 180 3760 erat,
200 3686 310 3751 addita
331 3685 389 3750 καὶ
411 3684 567 3768 particula
588 3685 621 3750 in
644 3691 765 3750 textum
788 3684 913 3750 inuasit.

178 3985 245 4054 ’δέξ
262 3977 296 4042 οὗ
320 3995 408 4042 metro
431 3987 574 4057 [legimur
591 3988 664 4056 apud
684 3987 849 4058 Aeschylum
870 4003 1021 4056 nunquam,
1045 3989 1118 4058 apud
1137 3991 1240 4060 Sopho·

118 4071 178 4128 clem
194 4077 269 4131 Aine.
288 4079 339 4132 661
365 4073 422 4147 ἐγὼ
442 4073 498 4147 γὰρ
517 4074 548 4142 ἐξ
567 4067 600 4131 οὗ
622 4079 696 4148 χειρὶ
715 4072 791 4132 τοῦτ’
811 4072 962 4145 ἐδεξάμην,
986 4079 1060 4147 apud
1078 4079 1240 4149 Euripidem

120 4159 207 4217 Electr.
231 4167 298 4220 1279
325 4164 473 4229 Μενέλαος
497 4161 530 4231 ἐξ
552 4157 585 4220 οὗ
607 4162 736 4236 Τρωικήν
759 4158 817 4220 alls
840 4161 947 4236 χθόνα,
972 4167 1093 4221 Cretens.
1118 4168 1169 4237 frg.
1188 4167 1240 4220 451

121 4241 196 4316 ἇγνὸν
212 4253 239 4307 δε
258 4255 321 4326 βίον
338 4255 469 4319 τελνομεν
489 4251 521 4319 ἐξ
540 4244 573 4308 οὗ
593 4250 658 4318 Διὸς
676 4250 773 4308 'Idaion
791 4249 898 4322 μύστης
916 4250 1047 4324 γενόμην.

182 4341 200 4404 ¹)
216 4343 371 4398 licinekius
390 4359 450 4398 cum
469 4337 583 4411 ἄκροισι
603 4344 726 4398 codicum
745 4351 903 4412 corruptum
923 4359 983 4398 esse
1007 4344 1160 4412 suspicatus
1180 4359 1241 4411 pro·

128 4437 382 4502 producendae,
402 4432 496 4486 dubito
516 4449 578 4486 uurn
599 4440 674 4487 recte
694 4432 866 4488 indicauerit.
