3048 4898
527 332 576 382 ·-
624 331 698 422 [11]
743 373 783 383 -
1193 332 1232 396 11

87 531 194 596 eonati
216 551 332 596 sumus.
378 529 455 594 Post
481 529 539 594 hos
566 535 673 594 autem
696 549 803 594 versus
831 549 994 594 numerum
1017 547 1163 592 versuum
1185 547 1235 592 re-

86 638 261 720 petitorum
283 657 382 719 usque
404 635 446 700 ad
470 636 545 701 libri
563 636 667 720 primi,
690 636 797 720 quiin
815 635 975 702 codicibus
993 634 1120 727 legitur,
1141 632 1235 699 finem
1323 681 1329 688 -

86 764 258 828 augescere
279 763 372 808 neme
395 764 459 807 nen
481 743 646 827 intellegit.
682 742 750 807 Iam
768 764 843 808 vere
862 763 932 808 cum
952 738 1059 806 versus
1079 739 1152 806 853.
1172 741 1236 807 854

88 855 278 934 repetantur
300 855 373 934 pest
390 869 515 914 versum
536 849 630 926 1038,
651 854 724 933 pest
742 871 769 914 v.
789 850 855 914 854
876 855 982 914 autem
1000 849 1088 913 nulla
1106 847 1170 913 alia
1186 848 1237 912 in·

87 959 236 1022 veniatur
254 955 411 1041 repetitio,
430 955 515 1021 intra
527 955 585 1020 hes
604 957 689 1039 ipses
707 977 815 1020 versus
837 955 964 1038 (81411
984 955 1082 1040 1038)
1105 955 1237 1019 alterius

86 1063 229 1146 syllegae
252 1063 468 1148 quaerendum
490 1062 551 1127 erit
573 1062 706 1128 initium.

180 1169 281 1248 Quam
304 1170 520 1253 quaestionem
539 1167 614 1232 olim
632 1168 679 1234 ita
701 1167 822 1234 solvere
841 1189 926 1234 eram
945 1169 1085 1245 adortus,
1107 1175 1144 1234 ut
1161 1190 1236 1232 eon-

86 1276 239 1342 sideratis
269 1277 424 1342 librorum
456 1273 610 1358 ἐλεγείων
640 1269 675 1338 α’
705 1281 737 1340 et
763 1269 796 1356 β’
830 1275 980 1353 exordiis,
1015 1274 1163 1358 queniam
1196 1313 1237 1323 -

88 1383 178 1468 quod
201 1382 286 1447 haud
310 1403 383 1448 raro
406 1383 439 1446 in
461 1381 752 1464 antiquissimorum
775 1382 950 1447 carminum
968 1381 1150 1465 primordiis
1168 1380 1236 1446 fieri

88 1496 217 1554 wustat
244 1527 285 1537 —
310 1511 331 1554 a
356 1489 409 1554 dei
437 1487 571 1554 alieuius
599 1489 794 1554 invocatione
822 1489 1011 1573 inciperent,
1039 1489 1111 1554 inde
1141 1509 1237 1553 novae

88 1617 109 1660 a
144 1594 236 1661 nobis
272 1597 462 1662 (restitutae
499 1594 638 1678 syllegae
670 1595 794 1660 initium
827 1601 1007 1661 statuerem.
1062 1595 1124 1661 Sed
1157 1615 1238 1680 quae

89 1702 222 1766 nemina
252 1703 380 1786 propria
412 1702 496 1766 inter
526 1723 636 1768 versus
672 1701 737 1766 854
765 1709 797 1766 et
827 1702 911 1767 1038
949 1707 1075 1768 exstant
1107 1705 1238 1785 excepte

90 1808 229 1872 sortasse
252 1808 411 1872 Aeadcme
434 1809 476 1892 (r.
495 1807 575 1894 993)
598 1808 686 1873 uulla
708 1809 740 1872 in
764 1807 846 1874 hane
868 1809 1057 1874 sententiam
1081 1809 1238 1892 quadrare

91 1915 250 1979 videntur.
297 1913 379 1978 lllud
407 1921 514 1979 autem
537 1915 688 1979 Academi
715 1935 829 1980 nomen
857 1937 927 1979 eum
951 1936 992 1979 ne
1017 1915 1051 1980 in
1079 1914 1238 1980 codicibus

92 2019 223 2103 quidem
250 2021 408 2104 integrum
436 2020 612 2086 exhibitum
635 2021 690 2097 sit,
717 2022 773 2086 sed
800 2021 939 2086 incertae
962 2021 1161 2088 coniecturae
1184 2021 1239 2086 de·

93 2127 217 2204 beatur,
240 2125 344 2192 minus
366 2133 477 2210 aptum
500 2127 659 2204 videatur,
685 2127 770 2192 unde
792 2149 892 2193 nevae
914 2128 1053 2212 syllegae
1076 2128 1238 2194 exordium

95 2233 235 2316 incipiat.
282 2233 399 2299 Versus
422 2234 506 2298 enim
528 2233 704 2299 993-996
729 2255 799 2300 cum
821 2255 960 2300 amorem
978 2233 1131 2318 puerilem
1149 2254 1239 2317 prae·

95 2339 216 2415 dicent,
243 2345 344 2405 tetam
370 2341 504 2406 alteram
532 2340 683 2424 syllegam
710 2341 744 2404 in
771 2342 881 2406 eedem
909 2345 1094 2424 argumente
1121 2341 1238 2405 versari

95 2446 182 2511 haud
205 2445 342 2512 absurde
366 2453 537 2530 exspectes,
559 2447 644 2530 qued
668 2453 775 2512 tamen
797 2447 925 2513 11111111
947 2447 1017 2512 fieri
1039 2447 1141 2530 prime
1164 2467 1239 2511 con·

96 2559 205 2636 speetu
224 2553 398 2637 intellegas.
440 2553 525 2637 Ergo
543 2553 590 2618 ita
608 2553 741 2618 fortasse
760 2555 877 2620 rectius
897 2553 1113 2630 iudicabimus,
1130 2558 1167 2618 ut
1184 2559 1241 2618 aut

98 2659 174 2724 lolia
191 2661 346 2744 quaedam
364 2682 473 2725 verum
491 2660 629 2745 syllegae
653 2660 738 2726 illius
761 2661 888 2725 initium
910 2661 1105 2726 continentia
1127 2681 1167 2726 ex
1189 2681 1240 2725 ce-

98 2767 166 2832 dioe
197 2766 369 2851 archetype
396 2766 527 2850 periisse
556 2787 729 2844 sumamus,
760 2772 818 2832 aut
848 2767 1012 2833 librarium
1041 2789 1104 2832 non
1130 2773 1241 2844 tetam,

99 2896 192 2957 quam
214 2875 248 2938 in
270 2872 416 2939 manibus
438 2873 581 2952 haberet,
604 2874 819 2940 collectionem
842 2875 1071 2958 conscripsisse,
1093 2874 1148 2940 sed
1172 2894 1240 2939 ver·

99 3002 153 3044 sm
174 2983 228 3066 qui
251 2982 355 3044 miuus
379 2981 447 3064 apti
471 2982 500 3045 ei
523 2981 705 3047 riderentur
728 2981 878 3046 emisisse.

187 3087 237 3152 Ita
259 3109 331 3152 cum
354 3108 453 3152 nevae
476 3087 615 3171 syllegae
633 3087 820 3171 principium
840 3087 1094 3153 constituerimus
1112 3108 1132 3151 a
1149 3107 1241 3152 versu

100 3191 167 3257 iere
186 3193 352 3260 millesime
374 3193 527 3277 incipere,
549 3195 605 3281 a¹)
639 3193 722 3278 Meyi
744 3195 903 3259 sententia
924 3193 1120 3279 aliquantum
1142 3194 1240 3258 dista

101 3319 178 3363 mua
221 3299 253 3366 ls
280 3301 363 3366 enim
387 3301 471 3365 eirea
492 3321 617 3366 versum
640 3299 704 3365 756
727 3303 849 3384 primae
871 3301 1075 3384 pristinarum
1099 3301 1240 3366 chresto-

102 3404 290 3472 matlriarum
313 3405 422 3484 finem,
445 3405 529 3472 eirea
556 3427 582 3470 r.
607 3407 670 3472 769
700 3408 856 3472 secundae
878 3407 1006 3471 initium
1028 3406 1162 3472 indicari
1189 3427 1241 3470 su-

103 3509 249 3592 spicetur,
271 3513 357 3595 quod
380 3512 495 3596 quibus
518 3515 557 3578 de
580 3513 683 3579 1111111
706 3513 816 3580 feeerit
838 3535 901 3578 uon
924 3513 1022 3578 addit

638 3807 707 3890 11.

196 4008 303 4100 Itaque
326 4021 493 4097 postquam
514 4015 693 4092 terminum,
716 4037 736 4080 a
759 4035 820 4101 quo
842 4013 976 4081 alteram
995 4011 1243 4098 fragmentorum

106 4115 374 4200 Theognideorum
398 4120 550 4204 syllegam
573 4122 712 4206 incipere
730 4123 987 4197 existimaremus,
1010 4141 1119 4186 eruere
1138 4119 1243 4203 alique

202 4385 279 4438 ι1111,
300 4403 324 4439 1.
344 4386 370 4440 d.
391 4387 500 4456 Meyum
519 4405 545 4455 p.
565 4388 607 4441 47.
