3008 4884
519 398 564 408 -
611 363 694 444 pso}
742 399 785 408 -
1181 367 1222 426 rs

82 549 167 628 teat,
195 558 321 634 praeter
343 550 486 616 dativum
509 549 682 632 singularis
711 549 835 616 numeri
857 549 947 614 nulla
978 557 1083 616 exstat
1106 551 1219 630 forma,

83 652 185 719 semel
201 653 327 719 obviam
343 653 380 719 fit
393 652 481 738 apud
497 653 591 718 Corn.
606 653 661 732 lv,
682 656 731 726 39,
753 657 791 716 51
797 652 870 736 filii
879 652 976 734 parri
984 654 1108 736 privati
1117 657 1223 738 putris

82 756 204 819 auxilio
227 757 363 821 ludibrio
386 765 417 821 et
438 756 599 840 despectui
614 757 760 840 poterm'e
788 755 923 820 iuimicus
951 768 1042 822 erunt
1064 761 1203 843 oppositi
1209 783 1216 839 ;

81 860 199 926 ueteris
215 860 362 926 omuibus
378 860 493 943 quibus
505 859 587 927 baeu
602 879 664 928 vox
675 859 925 944 deprehenditur
939 862 1019 928 loeis
1031 882 1095 928 uua
1105 863 1223 947 legitur

81 961 223 1028 formula
244 963 410 1047 despectui
425 985 492 1027 esse
520 963 618 1028 alieni
638 963 690 1029 vel
712 963 874 1046 despectui
893 961 1004 1028 baberi
1030 965 1084 1044 (ita
1106 967 1217 1034 Aurel.

81 1065 196 1146 Viotl.
222 1066 333 1133 Oioero
345 1086 418 1133 oum
430 1066 605 1133 abstineret
616 1065 675 1132 boo
687 1065 853 1144 roeubulo‚
869 1065 984 1132 maluit
994 1066 1101 1134 dicere
1116 1069 1222 1153 despi-

80 1169 179 1247 eotm',
203 1169 396 1252 contemptui
416 1190 481 1233 ems
501 1169 608 1244 queri,
633 1175 689 1234 aut
712 1169 765 1234 ubi
788 1169 864 1235 aliis
886 1189 967 1255 opus
990 1177 1058 1236 erat
1078 1171 1216 1254 casibus,

81 1271 304 1356 despicr'eatr'ae
325 1291 442 1338 nomen
465 1272 647 1357 usurparit:
674 1271 715 1338 ef.
741 1273 911 1339 Antibarb.
935 1292 1009 1358 pag.
1030 1277 1103 1338 347.

170 1379 191 1454 r)
206 1373 833 1458 Devoeabuloeaptioidemsignificante
842 1375 1036 1462 quodfraue,
1050 1397 1113 1460 quo
1120 1382 1221 1446 semel

82 1477 475 1556 ususestCieeroQuinet.
491 1481 540 1545 16,
554 1481 605 1551 53,
615 1477 657 1544 ef.
669 1477 839 1562 Landgraf
846 1479 869 1543 l.
880 1479 902 1544 l.
917 1499 994 1564 pag.
1005 1483 1046 1544 26
1058 1488 1089 1546 et
1101 1482 1216 1549 lexioa.

170 1581 347 1666 Praecipue
369 1579 450 1645 illud
472 1580 599 1646 ridetur
620 1581 681 1646 bao
702 1581 737 1646 in
760 1601 794 1647 re
809 1599 881 1648 esse
897 1582 1117 1666 memorabile,
1136 1584 1221 1667 qood

82 1683 214 1760 Cicero,
245 1683 272 1748 si
303 1683 366 1750 duo
393 1689 521 1767 praesto
552 1689 643 1750 eraut
671 1682 801 1749 uomina
831 1686 992 1750 abstracta
1021 1685 1157 1752 alterum
1187 1687 1219 1754 in

82 1795 151 1850 -tos
175 1787 310 1852 alierum
333 1787 366 1852 in
388 1788 481 1850 -tado
504 1785 672 1865 desinens,
703 1806 802 1871 saepe
831 1785 865 1850 id
895 1786 979 1870 quod
1002 1789 1076 1852 tudo
1104 1788 1220 1856 sullixo

82 1888 316 1955 terminabatur
347 1895 459 1974 postea
494 1895 550 1954 aot
584 1889 711 1954 omnino
748 1889 859 1955 reiecit
894 1899 950 1956 aut
985 1891 1089 1956 rarius
1125 1891 1221 1958 adbi-

83 1991 169 2070 buit,
210 1992 315 2057 altero
349 1991 452 2075 magis
489 1991 656 2075 magisque
693 2011 771 2057 usus
802 1998 862 2058 est.
916 1993 1025 2058 Veluti
1048 1993 1221 2077 firmitudo

81 2093 170 2180 apud
203 2093 406 2161 Cornificium
442 2094 562 2178 septies
595 2093 670 2177 legi,
708 2113 880 2176 numquam
904 2093 1067 2177 flrrrrr‘tur3
1111 2105 1222 2163 eontra

81 2198 193 2266 Cicero
224 2204 394 2283 postquam
424 2198 457 2262 in
487 2196 598 2281 primis
629 2216 708 2279 quos
737 2197 913 2280 composuit
943 2197 1032 2264 libris
1048 2198 1220 2282 firmitudo

81 2300 277 2385 aliquotiens
306 2299 489 2386 usurpavit,
524 2306 646 2384 postea,
673 2319 744 2366 oum
768 2299 871 2383 magis
902 2300 1044 2384 placeret
1060 2301 1216 2386 firmitur,

81 2404 227 2490 exeeptis
255 2402 403 2488 epistulis
429 2402 512 2470 illud
541 2403 672 2469 verbum
702 2402 835 2488 respuit.
884 2402 1000 2468 Fusius
1029 2402 1068 2471 de
1097 2403 1159 2471 bun
1187 2427 1221 2474 re

80 2507 318 2592 disputavimus
341 2513 374 2572 et
395 2506 488 2591 plura
510 2505 729 2589 congessimus
751 2506 900 2590 exemplu
922 2505 1078 2590 incapite
1095 2516 1218 2590 quarto,

80 2630 144 2695 quo
168 2611 209 2676 de
232 2609 399 2676 verborum
422 2608 611 2675 formatione
634 2615 757 2691 agetur.

170 2711 334 2776 Aduerbio
356 2711 519 2777 afferimus
542 2710 640 2777 bueo:
702 2719 707 2730 ¹

172 2819 192 2899 r)
225 2818 304 2880 Cum
322 2811 438 2898 primis
459 2812 546 2898 apud
569 2814 635 2881 cie.
661 2813 726 2878 inv.
747 2813 788 2891 ΙΙ,
811 2817 872 2892 l‚l
905 2813 1109 2878 Crotoniatae
1125 2838 1223 2898 quon-

81 2921 157 2984 dam
186 2939 257 2981 eum
280 2955 323 2966 -
352 2916 386 2979 iro
408 2917 508 2981 ltalia
535 2939 604 2979 rum
630 2915 745 2999 primis
776 2915 860 2978 beuti
887 2926 1127 2980 numerarentur
1147 2929 1219 3000 eta,

82 3021 213 3101 Quinet.
234 3025 264 3099 6,
284 3023 323 3083 24
349 3022 389 3082 L.
409 3019 526 3083 Allius
542 3056 583 3067 -
598 3019 647 3082 rr'r
670 3018 766 3082 bouus
788 3028 819 3082 et
841 3040 911 3082 cum
926 3018 1043 3101 primis
1065 3017 1220 3098 honestus,

81 3124 126 3189 ib.
145 3126 195 3203 18,
217 3123 258 3186 58
278 3122 443 3206 profectus
466 3130 598 3186 estune
621 3123 661 3185 L.
682 3120 805 3196 Altior,
833 3119 923 3185 bomo
942 3143 1011 3184 oum
1030 3120 1145 3204 prr'mr'e
1168 3123 1223 3186 ho-

81 3236 206 3302 nestum
240 3225 365 3307 reliqua
387 3224 548 3308 exempla,
581 3243 664 3306 quae
687 3223 730 3288 ad
753 3243 850 3288 unum
874 3223 982 3288 omnia
1008 3223 1041 3287 in
1064 3223 1223 3308 prioribus

81 3329 292 3395 inveniuntur
320 3327 533 3402 orationibus,
567 3326 698 3410 collegit
727 3325 893 3392 Hellmutb
923 3332 985 3392 aot.
1020 3327 1120 3393 Eril
1143 3350 1219 3414 pag.

84 3434 165 3506 116;
198 3431 233 3495 in
255 3428 484 3514 posterioribus
508 3427 646 3513 seriptis,
681 3447 752 3494 oum
775 3427 880 3511 magis
902 3429 1044 3513 placeret
1066 3431 1220 3514 inprimis,

81 3533 184 3600 semel
209 3539 244 3597 ut
267 3532 394 3598 videtur
415 3532 476 3597 boe
498 3531 651 3598 adverbio
674 3549 752 3597 usus
775 3537 824 3596 est
844 3530 956 3597 Gieero
979 3533 1069 3597 Brut.
1089 3538 1140 3600 (52.
1162 3539 1222 3599 224

81 3658 152 3700 mm
162 3635 282 3720 primis
296 3634 462 3712 ridiculum
490 3654 565 3700 uam
581 3632 622 3700 de
638 3632 703 3698 dir.
723 3635 747 3712 Ι,
768 3636 819 3712 32,
840 3637 891 3714 68,
916 3632 969 3698 uiri
986 3635 1082 3718 vulgo
1099 3637 1225 3704 fereba-

80 3749 132 3805 tur
155 3761 227 3802 eum
246 3737 363 3822 primis
385 3737 540 3801 bominem
556 3738 742 3818 prudentem
758 3746 851 3820 arque
867 3738 1003 3814 doctum,
1023 3751 1113 3804 'nune
1129 3740 1223 3806 Chri-

81 3843 162 3908 stius
178 3861 222 3908 ex
233 3839 379 3906 oodieum
392 3839 582 3905 auctoritate
593 3839 732 3904 restituit
742 3861 811 3902 eum
822 3839 927 3921 primo
937 3862 1004 3924 sqq.
1031 3840 1080 3906 uf.
1098 3843 1219 3925 Symrn.

80 3965 133 4030 ep.
152 3948 185 4025 2,
206 3947 237 4008 7.
257 3946 297 4006 72
320 3963 389 4005 rum
408 3941 523 4024 prr'mt's
545 3941 714 4005 honoratus
733 3949 765 4004 et
776 3943 985 4026 fortunarum
1012 3942 1102 4007 Plae.
1120 3944 1221 4026 gloss.

80 4069 112 4132 p.
128 4050 182 4128 27,
193 4045 267 4121 nD;
288 4044 383 4110 Hand
398 4045 493 4110 Tuus.
505 4045 540 4130 ιΠ
555 4064 629 4128 pag.
645 4047 716 4106 172.
743 4043 909 4108 Antibarb.
924 4064 1000 4128 pag.
1012 4047 1086 4108 311.
1111 4046 1221 4112 Front.

79 4170 113 4234 p.
133 4152 174 4213 74
191 4147 223 4213 Ν
247 4147 308 4213 sub
324 4147 419 4213 finem
436 4155 498 4212 ete.
535 4146 681 4212 Ceterum
706 4155 824 4210 eertum
840 4169 909 4211 orem
927 4147 1042 4229 prr'rm's
1058 4149 1105 4213 Pl.
1125 4149 1222 4216 True.

81 4255 112 4328 3,
126 4257 154 4332 1,
170 4255 210 4315 15
225 4250 260 4316 in
277 4248 442 4316 oodioibus
460 4249 557 4314 BOD
573 4249 636 4332 legi
652 4248 773 4314 monuit
788 4248 1026 4316 Studemuntlus
1042 4251 1075 4316 in
1092 4253 1221 4320 sobolis.
