3010 4896
521 359 563 370 -
610 319 705 405 [125]
754 359 796 370 -
1173 291 1229 386 ἰο

106 515 233 593 noluisse,
252 537 322 582 enm
339 517 487 601 inquilini
505 523 538 584 ei
555 517 713 601 peregrini
731 517 897 582 inferendo
916 521 1092 582 commeatu
1112 518 1230 600 optimo

105 624 136 688 de
154 622 313 707 republica
334 624 439 689 meriti
463 631 576 690 essent.
612 625 697 708 Ergo
721 645 815 690 neves
838 623 1001 689 onerariae
1025 623 1057 686 in
1083 622 1231 688 Piraeum

105 737 296 813 pervenerunt
308 731 428 796 medios
446 753 503 814 per
520 732 637 809 hostes,
651 752 767 815 pouoos
785 730 927 796 homines
945 734 1121 813 pertatem
1139 730 1230 796 facile

105 837 226 922 effugere
258 838 397 920 potuisse
428 857 492 901 non
517 837 718 921 putabimus?
770 839 967 922 Quamquam
998 837 1084 920 quod
1114 859 1230 921 paucos

103 945 170 1010 elios
199 945 284 1010 cirne
314 945 417 1027 ipsum
449 943 529 1008 iliud
560 943 733 1010 obsidionis
765 951 890 1029 tompus
918 944 1052 1010 Athenis
1084 943 1230 1029 effugisse

103 1051 265 1135 Xenophon
282 1052 400 1117 diserte
418 1051 505 1128 (licit,
519 1071 590 1115 eum
604 1057 756 1134 quattuor
772 1051 917 1118 homines
935 1073 1016 1118 anno
1030 1051 1097 1116 405
1111 1054 1231 1118 vinetos

102 1165 200 1241 postes
222 1157 367 1242 effugisse
389 1163 499 1223 narret
521 1154 670 1235 στάσεώς
691 1181 783 1236 τινος
805 1153 995 1246 γενομένης,
1024 1157 1060 1223 ἐν
1083 1147 1103 1243 ᾗ
1126 1162 1231 1225 Κλεο-

102 1273 167 1346 φῶν
189 1256 364 1330 ἀπέθανεν
393 1266 445 1350 (Η.
465 1265 502 1330 G.
526 1264 551 1342 1,
574 1264 602 1342 λ,
626 1264 734 1352 35)‚¹)
766 1264 993 1350 Cleophontem
1019 1272 1126 1330 eutem
1147 1287 1230 1332 mor-

101 1381 179 1437 tuum
206 1395 274 1438 esse
297 1373 430 1440 sciamus
454 1378 486 1438 et
509 1393 578 1437 oum
604 1372 669 1437 iam
691 1372 767 1438 urbs
790 1372 954 1439 obsidione
977 1379 1174 1456 premeretur
1197 1377 1230 1438 ot

101 1485 165 1545 ente
181 1480 323 1546 Athenas
345 1481 501 1566 captane)
525 1480 557 1543 id
581 1479 652 1546 ideo
671 1481 848 1564 argumenti
871 1479 939 1545 loco
959 1500 1021 1544 non
1044 1480 1229 1545 sumendum
1263 1519 1265 1527 ‹

101 1593 149 1663 esi,
169 1589 245 1670 quia
266 1586 301 1651 hi
324 1587 391 1652 sine
414 1585 511 1652 dubio
534 1585 575 1652 ed
598 1585 864 1653 Lacedaemonios
885 1586 1132 1669 transfugemnh

178 1694 290 1759 Grotio
312 1695 411 1778 igitur
437 1700 474 1758 ut
496 1692 735 1778 adstipulemur,
758 1696 860 1760 oensis
878 1693 919 1759 ab
941 1693 1011 1780 ipso
1037 1693 1231 1760 ellatis'non

100 1823 257 1867 movemur.
303 1801 402 1866 Immo
430 1801 547 1878 omnia,
579 1822 660 1885 quae
688 1801 817 1868 Grotius
847 1821 990 1886 quaeque
1017 1799 1231 1868 Siedefeldtns

100 1909 303 1991 protulerunt,
329 1908 501 1974 certissime
527 1907 715 1974 refelluntur
743 1909 894 1974 orationis
920 1909 1033 1992 Lysiae
1055 1930 1113 1993 pro
1139 1908 1231 1976 bonis

102 2015 247 2093 Enoraiis,
256 2015 366 2081 Niciae
380 2015 498 2093 fratris,
508 2014 638 2081 habitae
651 2017 729 2093 loeo,
742 2037 836 2100 quem
848 2016 897 2081 illi
909 2017 1003 2100 plene
1016 2017 1232 2100 neglexerunt,

100 2121 165 2189 hon:
189 2114 364 2210 Εύκράτης
381 2123 498 2189 τοίνυν
510 2173 524 2222 .·
540 2173 547 2188 .
563 2174 570 2188 .
587 2175 593 2188 .
612 2116 676 2210 ἤδη
697 2129 757 2210 τῆς
773 2124 964 2200 τελευταίας
982 2124 1163 2209 ναυμαχίας
1179 2149 1232 2210 γε·

100 2230 268 2318 χινημένης
290 2221 442 2316 φανερὰν
465 2227 657 2311 ἐπεδείξατο
679 2221 742 2317 τὴν
765 2222 902 2317 εύνριαν
924 2219 966 2318 ἣν
995 2225 1059 2315 εἶχε
1085 2233 1164 2318 περί
1191 2223 1230 2298 τύ

100 2343 223 2425 πλῆθος
244 2330 285 2404 τὸ
309 2330 483 2422 ὑμέτερον·
510 2328 705 2424 ἡττημένων
731 2329 794 2424 γὰρ
819 2335 856 2403 ἐν
877 2345 919 2423 τῇ
946 2338 1110 2427 ναυμαχίᾳ
1133 2355 1231 2424 στρα-

100 2437 189 2530 τηγὸς
211 2437 274 2528 ὑφ’
296 2435 392 2528 ὑμῶν
413 2435 578 2530 ᾑρημένος
604 2444 662 2508 καὶ
683 2440 982 2531 παρακαλούμενος
1003 2441 1151 2530 μετέχειν
1174 2452 1232 2532 τῆς

101 2544 279 2638 ὀλιγαρχίας
296 2542 365 2616 ύπύ
383 2557 454 2616 τῶν
469 2545 760 2631 ἐπιβουλευόντων
778 2557 828 2637 τῷ
841 2546 966 2638 πλήθει
985 2543 1048 2616 ούκ
1066 2542 1232 2638 ἠθέλησεν

102 2651 206 2737 ούτοις
222 2661 416 2738 πείθεσθαι,
440 2650 512 2722 ἀλλ’
532 2656 568 2722 ἐν
586 2653 732 2742 τοιούτῳ
750 2659 899 2744 καιρῷβ)
924 2655 960 2722 ἐν
979 2645 1008 2743 ᾦ
1027 2654 1060 2722 οἱ
1082 2661 1233 2723 πλεῖστοι

102 2771 164 2828 τῶν
182 2757 380 2848 ἀνθρώπων
397 2765 455 2829 καί
471 2760 736 2847 μεταβάλλονται
753 2757 839 2852 πρὸς
857 2758 898 2830 τὰ
915 2759 1070 2849 παρόντα
1087 2765 1144 2829 καί
1161 2775 1233 2841 ταῖς

101 2867 205 2954 τύχοις
222 2871 360 2952 εἴκουσι,
384 2871 628 2955 δυστυχοῦντος
650 2879 712 2938 τοῦ
736 2868 852 2959 δήμου,
876 2865 938 2938 ούκ
962 2863 1234 2956 ἀπελαυνόμενος

101 2985 153 3063 τῆς
172 2979 342 3056 πολιτείας
369 2969 446 3043 ούδ’
469 2977 554 3056 ίδίας
577 2975 698 3066 ἔχθρας
721 2971 932 3066 ὑπαρχούσης
958 2969 1043 3065 πρὸς
1070 2969 1150 3056 τούς
1173 2971 1232 3063 ἀρ-

100 3090 164 3163 ξειν
183 3081 377 3169 μέλλοντας,
400 3076 472 3150 ἀλλ’
490 3075 567 3166 ἐξὸν
586 3077 679 3171 αύτῷ
701 3087 758 3150 καί
780 3093 851 3152 τῶν
870 3081 1052 3172 τριάκοντα
1073 3080 1233 3170 γενέσθαι

99 3193 151 3255 καὶ
171 3184 312 3279 μηδενὸς
335 3189 475 3258 ἔλαττον
494 3186 671 3272 δύνασθαι,
693 3197 821 3277 μᾶλλον
840 3191 947 3259 είλετο
968 3187 1129 3278 πράττων
1148 3183 1233 3276 ὑπὲρ

99 3303 152 3382 τῆς
174 3291 332 3384 ὑμετέρας
350 3300 514 3386 σωτηρίας
532 3290 722 3364 ἀπολέσθαι
744 3291 765 3386 ἢ
789 3298 915 3366 ἐπιδεῖν
932 3290 975 3365 τά
999 3299 1089 3385 τείχη
1111 3305 1233 3365 καθαι-

181 3491 368 3560 ¹)Ei·rovieso
396 3494 607 3563 Xenophontem
635 3493 746 3550 Grotius
774 3499 880 3562 censet3
909 3499 1031 3548 ettamen
1058 3492 1134 3559 vide,
1163 3507 1233 3562 quoe

98 3578 235 3637 Rennorus
255 3584 337 3638 affert
355 3600 381 3652 p.
401 3584 436 3636 22
455 3583 517 3637 adn.
539 3585 562 3636 1.

181 3671 432 3740 'pStedteieldtus
461 3672 509 3740 qui
532 3671 729 3740 Cleophontem
756 3679 820 3741 post
847 3688 945 3741 paoem
968 3668 1125 3726 conclusam
1147 3668 1232 3725 inter·

97 3755 194 3815 fectum
218 3777 278 3817 esse
302 3766 409 3826 censet,
433 3759 536 3829 optime
560 3761 901 3830 eRennero(p.21sq.)
923 3759 1067 3816 refutetur.
1105 3759 1233 3815 Ceterum

96 3847 128 3900 ed
152 3850 249 3920 Lysiae
272 3850 370 3914 verbe,
390 3847 490 3917 quibus
517 3847 616 3903 nititur
639 3848 833 3915 Stedeieldtus,
858 3849 950 3916 XXX,
977 3851 1010 3904 12
1034 3844 1163 3919 Σάτυρος
1185 3848 1233 3902 καί

98 3934 217 4006 Χρέμων
235 3937 263 3995 οἱ
280 3943 338 3994 τῶν
356 3933 511 4008 τριάκοντα
529 3933 678 4008 γενόμενοι
692 3943 768 3993 recte
787 3937 996 4008 interpretanda
1010 3945 1123 4008 praetor
1141 3953 1233 3992 exem·

97 4023 170 4090 plum
187 4029 308 4084 Platonis
327 4044 344 4082 e
362 4027 485 4096 Souppio
502 4027 616 4082 olintum
636 4027 812 4082 conferantur
834 4043 875 4094 ee,
895 4043 965 4096 queo
984 4041 1001 4080 ε
1020 4027 1233 4096 Dittenborgero

97 4111 123 4165 in
142 4115 243 4172 Hermo
260 4115 433 4172 Berolinensi
453 4117 507 4170 ΧΠ
525 4134 551 4186 p.
567 4117 584 4170 2
603 4117 665 4172 edn.
684 4117 701 4171 2
720 4117 829 4187 prolato
847 4123 918 4172 eunt.

183 4205 203 4272 ἰ
220 4223 269 4276 pro
284 4204 376 4261 verbis
393 4200 453 4260 ἀλλ’
468 4201 500 4261 ἐν
517 4200 638 4279 τοιούτῳ
652 4209 744 4279 καιρῷ
763 4205 792 4260 in
806 4205 901 4262 codice
915 4205 1047 4262 traditum
1066 4211 1109 4261 est
1128 4199 1159 4260 ἐν
1177 4221 1233 4259 τοι-

97 4284 170 4364 ούτῳ
188 4299 277 4369 καιρῷ
295 4297 428 4365 ληφθείςι
447 4289 508 4349 ἀλλ’
527 4295 755 4366 interponendum
778 4311 839 4350 esse
863 4296 891 4351 0.
911 4295 1054 4351 Scheihius
1077 4294 1233 4364 suspicatus

100 4387 148 4446 ἐπὶ,
168 4385 284 4452 ληφθείς
302 4383 406 4440 delevit
424 4385 456 4439 R.
476 4385 637 4441 Schoelliue.
