2982 4884
274 321 335 380 331
708 351 751 360 -
799 315 883 398 [313]
930 350 973 360 -

359 525 391 589 p.
413 507 552 570 103712ss
574 503 622 569 ite
643 502 875 569 Ambrosianus
898 501 1044 569 exhibet:

568 619 718 694 πράττεται
735 623 790 694 μὲν
807 620 863 694 γάρ
881 619 916 674 τά
935 619 1086 694 πράγματα
1104 617 1188 692 ἔργά·

273 715 346 774 ζεται
364 711 394 766 δὲ
412 707 447 763 τά
465 709 534 783 ἔργα
552 706 726 782 ἀποφάσεως
751 713 766 762 3
784 711 841 766 list.
863 706 989 771 ἀξιοῦται
1007 706 1041 760 τὰ
1059 705 1167 773 ἄληπτοι

272 795 348 850 τουτὶ
365 793 472 865 μὲνδὴ
491 791 568 864 nego
585 792 692 866 εἴρηται
709 793 760 846 τὸν
784 798 799 846 l
818 797 874 852 litt.
894 797 945 847 τοῦ
962 790 1049 846 τούτω
1068 789 1223 864 λεγόμενον

273 878 424 954 ἐνθύμημα
438 879 659 953 ἀσθενέστερον.
681 878 729 934 διά
748 883 827 934 2-3
841 882 896 937 lits.
916 883 1027 952 μακροῦ
1045 880 1073 934 τὲ
1085 876 1139 952 γὰρ
1158 879 1205 933 καλ
1219 875 1406 943 ἀκατάλληλον

244 969 320 1022 δοιοὶ
338 964 401 1020 οὔτε
420 963 564 1032 δεινότητα
582 965 650 1036 ἔχον
668 963 732 1020 οὔτε
756 968 846 1024 tritt.
873 970 920 1033 τῆς
939 965 965 1018 δ’
982 963 1124 1035 εὐγενείας
1142 969 1253 1037 πρῶτον

273 1049 375 1124 ὑπῆρξε
410 1047 539 1118 voraces}
564 1054 669 1105 10-12
686 1053 743 1109 litt.
769 1053 881 1120 γένεσις
899 1048 949 1105 oriz
967 1051 1070 1117 ἔπηλυς
1087 1041 1169 1104 circa.

359 1175 442 1222 vers.
462 1159 481 1219 2
504 1157 636 1222 Lacuna
650 1157 798 1241 expletur
812 1177 853 1223 ex
871 1158 1004 1240 volgato
1019 1150 1230 1242 ἀποφάσεως
1245 1149 1279 1220 ‹l'
1299 1149 1408 1234 ἀξιοῖν-

274 1283 345 1324 ταιῑ
372 1252 546 1339 ἀξιοῦνται
560 1261 598 1342 R,
625 1259 666 1325 cl.
691 1280 769 1346 pag.
788 1263 830 1324 99
853 1259 896 1326 ad
917 1281 950 1345 p.
972 1262 1107 1325 locres.
1159 1255 1210 1323 Τὰ
1233 1257 1335 1324 λεκτὰ
1357 1279 1408 1342 pro

274 1359 316 1427 τὰ
332 1357 465 1450 ἀληπσο
489 1363 692 1429 scribendum
707 1383 779 1430 esse
796 1363 988 1448 Sylburgius
1010 1363 1179 1442 intellexit,
1205 1363 1246 1429 el.
1265 1384 1299 1448 p.
1317 1365 1406 1428 10301

275 1461 548 1553 ἀποφαινόμεθα
570 1465 634 1548 μὲν
656 1460 751 1554 ἡμεῖς
773 1463 815 1531 τό
839 1464 948 1532 λεκτά.

359 1590 482 1653 vers.3
512 1587 620 1660 Verba
641 1595 790 1672 corrupte
818 1595 903 1654 sunt.
950 1587 1021 1672 Ego
1051 1587 1179 1671 quidem
1204 1586 1405 1671 Sylbnrginnr

274 1711 388 1774 sequor
418 1688 454 1756 τό
480 1683 512 1755 δ’
530 1689 589 1757 ἐπὶ
610 1688 719 1776 τούτῳ
742 1689 925 1776 λεγόμενον
954 1692 1158 1758 scribentem.
1205 1689 1256 1757 (li.
1283 1712 1317 1776 p.
1337 1693 1406 1755 8863

274 1791 312 1860 τό
336 1789 369 1860 δ’
389 1791 446 1860 ἐπὶ
468 1791 576 1880 τούτῳ
600 1791 792 1881 λεγόμενον.

359 1921 484 1982 versi
513 1917 602 1981 Inter
631 1913 686 1979 διὰ
717 1922 749 1982 et
775 1922 907 2001 μακροῦ
940 1915 1018 1998 qnid
1049 1915 1240 1982 intercidere
1274 1913 1405 2001 potnerit

275 2037 392 2085 nescio.

360 2141 444 2187 vers.
465 2127 483 2185 5
507 2121 576 2187 Vox
600 2119 768 2204 σύνταξιν,
795 2143 878 2205 quoe
900 2123 996 2206 volgo
1018 2130 1090 2207 post
1111 2123 1248 2188 alterum
1265 2118 1344 2188 οὔτε
1365 2122 1407 2186 le-

275 2225 377 2308 gitur,
411 2225 524 2310 inepte
552 2226 662 2292 nescio
691 2225 782 2292 cuins
805 2226 989 2292 coniectura
1011 2233 1069 2293 est.
1116 2226 1267 2291 Fortasse
1291 2225 1406 2309 Diony-

276 2328 344 2396 sius
368 2328 494 2412 scripsit
517 2323 592 2394 οότε
616 2326 792 2416 δεινότητα
812 2327 891 2412 ἕχον
914 2324 990 2395 οότε
1013 2327 1211 2416 (κάλλος>;
1242 2329 1305 2394 hoc
1328 2329 1405 2396 enirn

277 2432 329 2497 vel
352 2431 456 2497 simile
478 2432 610 2498 verbnm
628 2432 763 2519 periisse
778 2434 878 2499 verba
899 2431 1042 2500 indicent
1063 2454 1096 2518 p.
1110 2436 1219 2498 103811
1243 2437 1296 2509 τίς
1320 2425 1353 2496 δ’
1371 2425 1406 2494 ἀν

278 2529 428 2614 ἀξιώσειε
451 2542 518 2601 τῶν
538 2523 583 2601 εὖ
605 2535 895 2621 διαλέγεσθαι
917 2533 1182 2616 σπουδαζόντων
1197 2535 1321 2602 εἰπεῖν.
1360 2533 1403 2600 Ol.
1467 2559 1468 2562 ¹

276 2661 307 2724 p.
327 2641 458 2704 9331333,

362 2762 445 2808 vers.
465 2745 484 2806 6
513 2735 532 2829 ἡ
556 2739 639 2830 (τῶν
661 2739 858 2832 προγόνων)
880 2749 1009 2828 γένεσις
1038 2743 1246 2829 suppeditant
1269 2743 1404 2810 Platonis

277 2846 350 2911 libri
378 2846 512 2925 (Menex.
539 2866 571 2929 p.
590 2843 695 2929 ibib).
750 2879 753 2888 .

362 2986 395 3050 p.
422 2968 547 3030 1038333
580 2969 691 3031 Ποῖον
724 2964 828 3042 ἔθνος
858 2959 1055 3052 ἀνθρώπων
1082 2971 1222 3052 καθαρᾷ
1244 2966 1403 3046 ,διαλέκτῳ
1466 3007 1467 3074 p

250 3107 253 3113 -
277 3065 449 3154 peripteroe
471 3067 539 3150 ἐρεῖ
561 3072 693 3153 γένεσιν
714 3065 776 3156 τὴν
796 3069 860 3152 μὲν
875 3063 1082 3152 αὐτόχθονα,
1109 3067 1169 3156 τὴν
1193 3063 1222 3134 δ’
1242 3067 1399 3158 ἐπήλυδα
1466 3075 1467 3143 l

278 3168 357 3258 ἡμῖν
379 3168 441 3257 γὰρ
465 3169 504 3258 δή
528 3196 560 3235 τι
583 3169 795 3258 συμβεβηκός
817 3169 888 3237 ἐστι
911 3170 947 3238 τό
977 3166 1064 3238 εἶναι
1094 3166 1306 3254 acceperim
1330 3167 1347 3258 τ’]
1366 3167 1399 3254 pr]

282 3273 540 3359 s'rnptoplotglb,
575 3268 650 3356 οὐχὶ
672 3282 710 3360 τῇ
734 3279 872 3360 γενέσει.
921 3274 999 3341 Cum
1031 3271 1242 3362 συμβεβηκός
1265 3273 1336 3340 ἔστι
1358 3275 1401 3336 ris

278 3377 366 3442 alind
394 3378 552 3462 significet
577 3398 672 3460 quem
704 3382 908 3466 συμβέβηκε,
942 3399 983 3445 ex
1005 3378 1152 3463 Dionysii
1183 3377 1401 3444 consuetudine

277 3480 416 3546 rescribo
438 3475 518 3567 ἡμῖν
540 3479 603 3567 γὰρ
627 3480 646 3546 δ
655 3478 672 3568 ἡ
696 3503 777 3546 που
800 3478 1011 3568 συμβεβηκός
1035 3479 1106 3546 ἔστι
1128 3483 1199 3546 κτλ.
1247 3481 1298 3547 cf.
1323 3501 1349 3546 c.
1373 3499 1398 3560 g·

279 3607 310 3669 p.
336 3587 431 3650 11073
455 3578 565 3649 ἅπασι
588 3582 634 3672 δή
658 3607 740 3650 που
763 3589 952 3672 συμβέβηκε
975 3582 1123 3668 μέγεθός
1145 3609 1178 3650 τε
1203 3586 1258 3649 καλ
1282 3591 1398 3670 χρῶμα.

279 3693 333 3754 371
364 3685 532 3773 πρότερον
565 3684 628 3773 γὰρ
657 3687 696 3776 δή
727 3711 806 3754 που.
854 3709 970 3756 verse
1000 3695 1136 3773 πρῶτον
1165 3687 1228 3773 γὰρ
1259 3686 1298 3775 δι]
1330 3709 1398 3750 που.
1464 3739 1465 3756 .

212 3817 214 3823 ’
279 3795 369 3858 20813
403 3798 490 3856 πᾶσι
522 3789 586 3877 γὰρ
620 3787 659 3878 δὴ
694 3815 763 3857 που
796 3803 867 3869 τοῖς
897 3789 1092 3879 φιλολόγοις
1126 3789 1288 3877 γνώριμα.
1335 3797 1398 3854 0003

278 3891 427 3971 ἅπαντες
455 3891 517 3979 γὰρ
548 3892 587 3981 δή
617 3917 686 3960 που
715 3895 1008 3980 παραγγέλλουσιν
1031 3893 1063 3960 ol
1086 3893 1328 3976 συνταξάμενοι
1351 3889 1399 3964 τὰς

278 4004 406 4081 τέχνας.
457 4001 546 4063 13513
570 3991 656 4063 οὕτω
680 3996 719 4085 δή
744 4021 824 4064 που.

349 4224 363 4283 11
387 4219 549 4292 ἐπιχωρίοις
566 4221 620 4276 del.
637 4222 757 4278 Vlietins
775 4239 802 4292 p.
818 4224 859 4274 81.
