3048 4898
274 330 294 393 c
721 365 761 374 -
813 327 887 410 [ao]
934 363 974 374 -

273 525 342 590 titis
365 524 533 590 ordiretur.
580 521 711 588 Constat
735 521 818 587 euim
842 527 964 586 certum
987 521 1143 604 quendam
1162 541 1324 586 numerum
1346 539 1418 584 ver-

273 653 364 696 suum
379 630 687 714 fragmentorumque
706 628 802 694 semel
822 628 985 712 saepiusve
1005 627 1037 691 in
1051 627 1244 711 Theognidis
1257 627 1419 694 codicibus
1510 617 1511 698 l

273 739 379 822 repeti
397 738 492 820 idque
516 737 609 802 modo
633 737 750 802 eisdem
773 734 838 800 fere
861 734 966 800 verbis
989 735 1121 800 servatis
1139 735 1232 800 modo
1251 733 1419 801 sententiis

272 846 411 931 paullum
435 844 573 910 variatis.
619 842 753 908 Causam
776 849 891 919 autem,
915 863 977 926 qua
998 839 1160 918 librarius,
1183 843 1324 927 quisquis
1345 840 1420 916 fuit,

272 953 443 1036 perductus
466 957 556 1028 esset,
579 957 615 1015 ut
638 950 816 1034 fragmenta
834 948 985 1014 nonnulla
1003 949 1127 1032 saepius
1145 948 1178 1012 iu
1198 949 1281 1014 idem
1303 947 1419 1014 collec-

272 1059 367 1126 tionis
403 1079 515 1142 corpus
552 1059 720 1142 reciperet,
757 1056 830 1121 inde
863 1057 1066 1140 repetendam
1103 1076 1171 1121 esse
1202 1055 1336 1128 coniecit
1367 1055 1419 1118 vir

272 1163 484 1242 doctissimus,
511 1165 595 1247 quod
623 1185 694 1229 cum
720 1163 840 1227 nullum
869 1162 1052 1228 continuum
1075 1161 1107 1226 in
1129 1163 1335 1229 tumultuaria
1359 1162 1420 1226 illa
1511 1175 1512 1188 ¹

272 1273 417 1356 congerie
449 1272 675 1338 sententiarum
708 1291 821 1336 nexum
857 1269 1039 1346 invenisset,
1074 1268 1241 1336 verborum
1277 1269 1418 1353 quodam

272 1378 324 1444 fflo
348 1385 513 1462 pertexere
531 1399 601 1444 eam
618 1378 776 1452 voluisset,
800 1381 895 1460 atque
917 1376 973 1440 ubi
996 1375 1126 1441 verbum
1148 1378 1226 1443 illud
1249 1383 1419 1443 conectens

272 1485 437 1560 defuisset,
459 1507 498 1550 ex
521 1486 567 1551 eis
590 1505 671 1567 qnae
693 1485 757 1550 iam
781 1483 957 1566 scripsisset
980 1483 1120 1549 versibus
1143 1482 1223 1548 illud
1246 1482 1306 1548 sibi
1330 1485 1418 1548 acci·
1512 1553 1513 1577 χ

272 1595 367 1660 visset
390 1592 572 1659 subsidium.

359 1700 554 1766 Sententiam
586 1698 672 1763 illam
706 1697 746 1762 de
773 1697 905 1781 singulis
932 1695 1091 1762 vocabulis
1119 1697 1201 1762 binis
1228 1696 1419 1782 fragmentis

272 1806 487 1873 communibus
513 1805 708 1890 propositam
739 1805 859 1887 primus
891 1804 975 1888 quod
1008 1804 1104 1869 sciam
1135 1806 1320 1870 retractavit
1350 1804 1418 1870 Tb.

271 1913 507 1980 Fritzschius
530 1912 792 1978 commentatione
814 1909 925 1975 Philol.
949 1910 1007 1976 vol.
1028 1909 1134 1974 XXIX
1158 1911 1202 1996 (p.
1221 1910 1418 1996 cac-546)

271 2021 403 2097 inserta,
431 2041 525 2105 quam
549 2018 722 2100 inscripsit:
754 2017 828 2094 ,Das
851 2015 1021 2084 Stiohwort
1049 2017 1096 2083 als
1119 2015 1418 2102 Ordnungspriucip
1513 2037 1514 2100 ξ

271 2127 328 2192 der
367 2123 658 2212 Theognideischeu
699 2123 905 2210 Fragmente.'
969 2122 1029 2202 Qui
1062 2145 1132 2190 cum
1163 2123 1243 2190 alias
1273 2124 1419 2192 rationes

270 2233 449 2300 Nietzscbio
473 2233 600 2297 obstare
623 2231 779 2315 sagaciter
802 2231 895 2297 docet
917 2237 985 2296 tum
1009 2233 1052 2316 (p.
1071 2231 1147 2307 531,
1168 2231 1240 2296 adn.
1264 2231 1300 2318 2)
1327 2239 1418 2298 recte

271 2347 376 2406 monet
399 2361 437 2404 ex
460 2339 610 2404 tredecim
633 2359 711 2420 quas
733 2336 932 2404 Nietzscbius
955 2338 998 2422 (p.
1021 2338 1081 2403 167
1106 2343 1139 2403 et
1164 2337 1242 2422 168)
1265 2340 1419 2406 statuerit

270 2443 510 2529 repetitionibus
537 2446 569 2509 in
598 2451 747 2528 quattuor
774 2451 898 2510 tantum
926 2466 995 2510 earn
1021 2465 1117 2528 quam
1144 2445 1171 2509 is
1194 2444 1340 2530 opinetur
1362 2467 1416 2512 re-
1514 2450 1515 2506 ἰ

269 2553 398 2636 petendi
421 2573 545 2617 caumm
568 2573 637 2616 cam
660 2551 768 2636 aliqua
788 2549 1022 2636 probabilitatis
1041 2552 1144 2636 specie
1167 2553 1294 2636 agnosci
1311 2573 1417 2637 posse.

271 2657 338 2724 Hoc
365 2679 428 2724 uno
455 2657 521 2723 lere
544 2665 729 2741 argumento
752 2657 923 2725 Nietzschii
947 2659 1127 2725 coniectura
1149 2660 1190 2724 ad
1213 2661 1339 2726 irritnm
1361 2682 1417 2726 re-

270 2763 402 2850 digitur,
433 2773 470 2830 ut
501 2763 564 2830 alia
582 2751 676 2850 'quae
704 2765 897 2832 Fritzschius
930 2773 1016 2832 recte
1047 2767 1224 2852 proposuit,
1256 2767 1417 2834 hocloco

270 2874 369 2958 repeti
393 2893 471 2957 opus
494 2893 556 2938 non
580 2873 631 2938 sit.

358 2978 469 3064 ltaque
496 3001 554 3046 nos
580 2980 676 3044 aliam
703 2980 837 3064 ingressi
859 2979 955 3058 viam,
982 3001 1046 3064 qua
1066 2980 1190 3048 ratione
1213 2981 1415 3048 corollarium

269 3085 346 3150 illud
379 3086 552 3170 elegiacum
584 3086 790 3170 compositum
822 3087 877 3164 sit,
908 3087 1039 3170 adsequi
1071 3087 1261 3156 conabimur.
1314 3087 1416 3155 Cuius

268 3192 337 3257 viae
361 3194 495 3276 vestigia
516 3193 580 3256 iam
597 3194 785 3258 monstrarit
803 3191 1010 3272 Nietzschius,
1033 3215 1103 3260 cum
1127 3195 1161 3280 (l.
1179 3196 1198 3260 l.
1217 3218 1246 3280 p.
1268 3195 1329 3264 169
1349 3198 1413 3280 sq.)

269 3299 408 3383 singulas
435 3300 632 3384 perlustrans
656 3301 828 3366 sententias
851 3307 1120 3377 commemoraret,
1149 3301 1261 3387 quibus
1284 3304 1415 3368 omnino

269 3401 337 3470 fieri
360 3405 516 3492 potuisset
539 3407 654 3483 causis,
676 3413 713 3472 ut
734 3413 784 3473 tot
807 3429 915 3474 versus
937 3409 1066 3493 repetiti
1088 3409 1120 3474 in
1144 3407 1336 3494 Theognidis
1359 3430 1414 3474 co-

268 3513 353 3579 dices
389 3513 573 3598 irreperent.
629 3514 720 3593 Quod
756 3516 839 3580 enim
871 3514 994 3580 monuit
1025 3513 1230 3600 repetitiones
1262 3515 1332 3580 illas
1364 3514 1415 3582 ita

269 3619 360 3710 iacile
381 3642 472 3704 posse
495 3620 655 3706 explicari,
677 3627 714 3685 ut
735 3621 951 3688 collectionem
973 3629 1113 3689 nostram
1136 3645 1175 3688 ex
1197 3620 1412 3706 compluribus

268 3727 396 3811 syllogis
424 3727 671 3812 conglutinatam
699 3749 766 3794 esse
794 3735 1017 3807 statueremus,
1048 3751 1068 3795 a
1095 3751 1168 3796 vero
1195 3751 1257 3795 non
1284 3729 1413 3796 videtur

267 3834 444 3910 aberrasse3
468 3856 659 3919 quamquam
682 3835 748 3920 ipse
771 3833 832 3901 hac
854 3836 976 3901 ratione
1003 3836 1154 3921 syllogam
1176 3835 1412 3920 Theognideam

269 3941 517 4008 consarcinatam
545 3962 612 4008 esse
634 3941 737 4006 minus
760 3941 883 4025 probat.
929 3941 1071 4008 Eandem
1094 3942 1281 4009 sententiam
1304 3941 1412 4026 paullo

268 4054 341 4112 aute
364 4048 541 4131 protulerat
563 4047 799 4126 Rintelenus,
822 4049 928 4133 quiin
948 4048 1047 4115 libelli
1070 4051 1119 4128 ,de
1138 4049 1319 4134 Theognide
1342 4048 1412 4114 Me·

267 4155 392 4237 gerensi
419 4153 522 4240 poeta’
546 4153 731 4222 Monasterii
756 4155 841 4220 1863
869 4156 948 4222 editi
970 4178 1000 4240 p.
1023 4155 1067 4221 45
1086 4206 1093 4220 .
1113 4207 1146 4221 ..
1174 4157 1237 4242 ,qui
1261 4155 1412 4222 nostram'

267 4260 383 4346 iuquit,
410 4261 611 4347 ‚farraginem
639 4262 808 4346 congessit,
839 4263 945 4347 procul
975 4262 1072 4329 dubio
1099 4285 1163 4330 non
1191 4285 1312 4330 summa
1338 4283 1412 4328 cum

267 4369 439 4452 sagacitate
467 4391 504 4435 cx
533 4368 744 4453 complmibus
771 4368 862 4434 libris
889 4390 947 4434 sua
975 4370 1150 4454 descripsit.
1201 4369 1253 4449 Sic
1280 4377 1411 4454 propter
