3048 4898
534 343 574 351 -
622 305 696 388 [aa]
743 343 782 353 -
1186 303 1225 366 31

91 503 199 583 po'e‘tae
216 499 410 584 Megarensis
432 503 564 564 mortem
588 501 741 565 eiusmodi
764 499 913 583 parodias
935 497 1025 564 fictas
1049 521 1115 564 osse
1139 519 1230 583 posse

91 607 128 671 ab
151 609 196 672 cis
219 610 274 690 qui
295 605 369 672 huic
391 610 504 689 poetae
526 605 678 672 libentius
701 606 927 673 incumberent.

174 713 290 778 Utrum
324 720 430 779 autom
467 714 531 778 alia
567 714 741 780 carminum
773 736 890 798 genera
925 715 987 778 iam
1024 714 1160 797 legerint
1196 713 1229 776 in

90 819 298 904 Theognideis
324 828 503 886 nostrarum
531 821 722 904 syllogarum
744 827 889 886 auctores
910 820 1035 904 potoria
1057 821 1231 886 convivalia

89 929 130 992 ad
151 949 289 994 amorem
311 928 449 1010 denique
470 949 641 1011 puerorum
665 929 850 1011 spectantia,
872 948 914 992 an
936 929 1029 1012 primi
1054 947 1091 992 ca
1109 927 1229 992 inseru-

90 1036 185 1110 erint,
215 1032 413 1100 subdifficilis
441 1041 489 1099 est
521 1034 674 1117 quaestio.
725 1034 879 1120 Equidem
907 1037 1047 1118 susspicer
1074 1035 1230 1118 quaedam

90 1143 242 1207 eiusmodi
261 1141 402 1208 carmina
424 1143 486 1206 iam
509 1141 641 1208 infuisse
664 1141 698 1205 in
721 1141 784 1206 illis
807 1141 1053 1219 collectionibus,
1076 1163 1154 1225 quas
1172 1162 1228 1207 uo-

90 1255 226 1312 strarum
253 1255 398 1314 auctores
426 1247 675 1330 compilaveriut,
702 1253 798 1332 atqua
825 1247 878 1314 hic
903 1248 969 1314 illic
997 1250 1078 1314 inter
1100 1270 1229 1333 gnomas

90 1355 248 1420 hilarioris
280 1375 404 1438 quoque
436 1376 473 1420 ac
504 1355 701 1437 potissimum
734 1355 903 1421 conrivalis
929 1359 1059 1440 poeseos
1087 1355 1230 1440 exempla

91 1462 273 1527 intermixta
294 1462 399 1526 fuisse.

178 1569 287 1653 Neque
313 1575 418 1633 tamen
443 1569 558 1634 Iuliani
581 1575 614 1633 et
637 1568 782 1656 Cyrilli1)
810 1574 916 1635 aetate
940 1570 972 1633 iu
995 1570 1230 1637 collectionibus

90 1675 298 1758 Theognideis
336 1677 509 1758 compluria
545 1697 652 1740 eorum
688 1675 819 1741 infuisse
851 1677 1020 1742 verisimile
1053 1683 1114 1756 est,
1150 1701 1231 1764 quae

91 1789 201 1864 postea
226 1803 264 1846 ex
291 1781 420 1847 turbido
449 1783 585 1866 quodam
616 1783 701 1848 fonte
728 1782 762 1847 in
784 1783 893 1848 Musas
916 1783 1109 1868 Megarensis
1131 1787 1231 1852 laetos

90 1889 199 1953 hortos
226 1889 385 1955 irruerunt
413 1911 528 1972 eosque
556 1890 624 1954 luto
652 1890 866 1973 impleverunt
893 1890 1113 1958 —Athenaei
1140 1895 1230 1958 testi-

91 1999 195 2061 monio
217 1997 249 2060 iu
272 1996 332 2061 hac
355 2019 389 2060 re
413 1997 606 2080 exploranda
627 1997 732 2064 nescio
754 2019 795 2062 an
818 2018 881 2061 non
903 1998 1036 2062 multum
1064 2000 1107 2064 sit
1129 2000 1229 2065 tribu-

93 2105 214 2168 endum
262 2104 372 2186 Neque
399 2107 482 2168 cuim
510 2105 586 2186 ipsis
614 2103 822 2188 Theognideis
851 2103 978 2188 syllogis
1005 2105 1131 2170 videtur
1157 2127 1230 2170 usus

94 2230 172 2285 esse,
195 2210 249 2275 scd
271 2231 379 2276 versus
402 2209 473 2274 illos
496 2210 723 2294 Theognideos,
746 2212 786 2276 de
809 2210 923 2293 quibus
946 2209 1042 2276 verba
1064 2211 1153 2289 facit,
1176 2217 1231 2277 aut

93 2338 131 2379 ex
153 2317 355 2400 grammatico
378 2319 516 2400 quodam
538 2324 594 2382 aut
618 2339 656 2383 ex
679 2317 882 2401 Peripatetici
907 2319 1068 2384 cuiusdam
1086 2317 1168 2384 libro
1192 2321 1231 2384 de

94 2423 255 2488 Ebrietate
283 2425 500 2507 desumpsisse.
547 2424 742 2509 Quamquam
769 2426 814 2491 sic
841 2445 964 2510 quoque
989 2425 1142 2511 Athenaei
1169 2426 1232 2490 iam

95 2535 198 2594 aetate
229 2531 334 2596 aliena
366 2530 577 2614 Theognideis
608 2533 793 2597 intermixta
823 2531 919 2598 irrisae
952 2532 1060 2598 elucet.
1084 2573 1126 2580 —-
1154 2533 1230 2598 Pro-

95 2637 195 2702 ximus
216 2639 306 2704 testis
330 2644 378 2702 est
399 2637 534 2704 Ioannes
556 2638 724 2714 Stobaeus3
747 2661 784 2702 ex
807 2641 896 2704 cuius
919 2637 1072 2723 florilegio
1096 2661 1134 2704 oa
1151 2663 1231 2723 quae

96 2743 141 2806 ad
158 2745 367 2827 quaestionem
386 2751 525 2810 nostram
545 2745 726 2811 solvendam
744 2746 948 2830 pertinerent,
966 2745 1029 2810 iam
1046 2746 1231 2832 Bergkiuss)

97 2850 173 2914 scits
193 2852 374 2936 composuit.
836 2925 838 2928 ,

183 2959 285 3042 Atque
313 2957 483 3024 Stobaeum
515 2961 642 3044 quidem
673 2959 775 3024 nullas
807 2959 886 3025 alias
918 2960 1054 3044 syllegae
1084 2960 1231 3026 habuisse

98 3064 233 3145 cogrritas
255 3066 317 3130 nisi
340 3067 417 3132 duas
441 3066 524 3144 illae,
552 3087 590 3131 ex
613 3065 727 3149 quibus
749 3065 830 3131 liber
853 3066 991 3150 ‚primus’
1015 3067 1231 3152 Theognideo·

99 3191 167 3234 rum
199 3172 292 3237 hodie
325 3179 461 3252 constat,
494 3193 609 3256 easque
636 3174 720 3256 ipsas
748 3173 789 3238 ad
816 3172 1004 3257 florilegium
1036 3175 1232 3240 condendum

100 3297 258 3362 usurpasse
290 3285 427 3346 constat:
459 3302 532 3346 uam
564 3282 699 3364 primum
731 3279 885 3346 Stobaeua
917 3301 1025 3346 versus
1055 3282 1231 3359 nonnullos,

101 3404 175 3464 qum
203 3384 324 3452 Solonis
361 3408 427 3452 esse
459 3394 546 3453 certo
578 3389 704 3464 seimus,
742 3393 775 3452 et
807 3388 860 3471 qui
892 3387 925 3450 iu
957 3389 1072 3453 nostris
1104 3388 1231 3474 syllogis

101 3487 302 3574 Theognideis
329 3495 489 3578 leguntur,
524 3489 703 3578 Θεόγνιδος
728 3494 875 3559 lemmate
902 3494 1068 3577 insignitos
1096 3495 1231 3560 exhibet.

101 3595 178 3662 Tum
189 3608 218 3665 et
231 3601 505 3686 interpretationes
519 3608 551 3668 et
565 3602 677 3667 calami
692 3622 813 3667 errores
826 3601 968 3666 nonnulli
982 3623 1020 3666 ex
1030 3600 1230 3667 librariorum

103 3702 221 3772 lieentia
250 3707 354 3774 effecti
387 3709 489 3773 eidem
520 3709 604 3792 apud
632 3707 803 3773 Stobaeum
826 3709 1035 3772 inveniuntur.
1081 3708 1231 3791 Denique,

103 3813 181 3891 quod
207 3835 358 3880 summam
384 3814 561 3899 Bergkiane
593 3816 710 3881 iudicio
742 3815 834 3881 addit
861 3813 1132 3899 probabilitatem,
1163 3835 1230 3878 ver-

141 3939 226 3949 ·-···-ι--
244 3945 265 3950 -.

106 4019 137 4071 p·
149 4007 178 4061 28
190 4025 243 4078 sqq.
258 4009 405 4064 maximam
424 4026 516 4065 aarum
532 4016 639 4080 partem
658 4009 795 4079 congessit
814 4009 930 4078 siugulis
950 4009 1017 4064 locis
1036 4005 1230 4064 commentario

105 4096 197 4151 auca.
229 4100 397 4169 Quamquam
415 4100 568 4169 complures
586 4099 761 4170 parodiarum
780 4115 892 4154 numero
911 4097 1055 4163 adscribit,
1079 4097 1114 4150 de
1133 4094 1231 4162 quibus

105 4179 244 4254 disceptari
261 4189 321 4244 iure
340 4195 437 4258 potest.

192 4275 209 4340 ¹)
225 4276 270 4332 cir.
288 4278 475 4333 Nietsschium
493 4279 512 4333 l.
532 4279 549 4333 l.
568 4297 595 4349 p.
616 4279 675 4335 173.

194 4362 211 4424 ¹3·
226 4365 255 4419 ln
274 4367 343 4421 Mus.
363 4368 413 4422 ltb.
432 4367 498 4422 Nor.
519 4369 559 4422 ΙΙΙ
578 4386 603 4436 p.
624 4367 676 4422 396
695 4383 754 4434 sqq.
