3006 4892
721 347 933 406 ..72-

395 531 618 615 multiplexque
640 531 702 595 tou·
722 531 858 614 epatium
881 540 1096 594 transcurrere
1118 529 1223 593 eodem

396 642 609 718 temporeque
631 634 707 698 cotie
723 635 914 719 pereolpunt
925 634 1104 719 sulpure
1126 632 1255 697 eaelum.

265 733 462 813 Quibuscum
498 735 525 803 si
564 737 818 823 comparaveris,
854 756 936 820 quae
967 735 1000 801 iu
1029 744 1143 819 quarto
1176 735 1256 802 libro
1278 733 1390 801 iudea

265 857 357 904 versu
382 840 443 902 204
466 838 634 922 leguntur:

436 941 513 1025 quid
526 963 605 1024 quac
620 949 692 1005 eunt
706 941 805 1027 epitur
820 942 884 1007 e'um
899 943 1009 1026 primu
1021 943 1139 1028 fronte
1154 945 1301 1026 parate?

351 1046 413 1108 205
436 1065 505 1107 rum
528 1043 685 1109 iaciuntur
706 1053 738 1109 et
758 1045 903 1110 emissum
924 1068 974 1110 reu
997 1046 1087 1110 nullu
1109 1055 1262 1122 moratur,

354 1149 412 1210 195
436 1148 520 1231 quod
533 1155 684 1230 eupereet,
703 1149 758 1212 uti
772 1158 836 1213 tum
857 1149 979 1214 votum·
999 1147 1124 1214 leuitate
1135 1150 1304 1235 seruntur,

351 1252 413 1314 206
437 1271 535 1333 quoue
557 1251 642 1314 vides
664 1251 755 1315 u'te‘uu
777 1253 886 1316 debere
909 1259 940 1315 et
962 1252 1084 1336 loupiue
1105 1251 1153 1316 e're

434 1353 659 1438 multiplexque
682 1354 744 1418 loee'
765 1355 903 1437 epatium
927 1363 1143 1420 truneeurrere
1165 1357 1270 1419 eodem

436 1464 653 1540 temporeque
675 1456 750 1520 eele'e
769 1458 957 1542 percolerent
979 1457 1130 1522 luminu
1152 1459 1300 1522 eaelum?

262 1557 411 1638 queniam
433 1558 539 1642 priore
567 1558 637 1625 lece
659 1578 717 1643 pro
739 1559 869 1638 termina,
895 1558 980 1642 quod
1003 1566 1053 1625 eet
1073 1559 1106 1625 in
1122 1559 1306 1646 posteriore,
1321 1559 1393 1645 fiel-

260 1682 341 1743 pure
363 1661 454 1726 nulia
475 1661 541 1727 aliu
562 1680 661 1727 cause
682 1661 834 1746 scriptum
851 1681 924 1730 esee
940 1663 1096 1730 concedes
1118 1663 1182 1729 uisi
1204 1662 1289 1747 quod
1304 1664 1393 1748 paule

262 1770 337 1828 ante
359 1763 478 1827 lumina
500 1763 575 1828 cotie
597 1771 735 1845 exstent,
762 1763 838 1846 quid
861 1763 999 1840 dubites,
1022 1766 1098 1848 quin
1113 1765 1147 1831 iu
1163 1765 1304 1832 secundo
1318 1765 1392 1832 libre
1433 1776 1436 1788 ·
1476 1793 1477 1814 1

260 1885 373 1932 versus

390 1968 615 2054 multiplexque
637 1970 699 2033 loci
718 1971 855 2054 epatium
879 1979 1093 2035 transcurrere
1115 1972 1222 2036 eodem

390 2081 526 2155 tenueere
549 2095 608 2156 quo
630 2073 704 2136 eolis
721 2074 911 2158 pereolpeut
922 2075 1062 2160 sulpure
1084 2076 1214 2157 eaelum,

261 2175 358 2260 spurii
382 2175 459 2256 siut,
483 2175 670 2260 praesertim
693 2196 764 2242 cum
789 2177 870 2242 bene
885 2176 987 2244 emitti
1003 2177 1138 2262 possint,
1155 2178 1306 2260 quoniam
1321 2175 1391 2243 nihil

260 2279 334 2344 nevi
357 2279 503 2346 versibus
529 2282 600 2344 181.
627 2282 646 2343 2
669 2279 870 2364 adiungunt?
890 2317 934 2328 —

345 2382 553 2450 Memorabile
592 2383 830 2469 interpolatoris
868 2404 986 2468 operae
1025 2385 1207 2468 exemplum
1244 2385 1391 2468 praebent

258 2505 371 2551 versus

721 2591 760 2669 v,
786 2592 929 2655 eie-31

322 2692 479 2776 (ue-22
502 2723 544 2748 =
566 2694 592 2774 1,
622 2697 814 2777 ιαμ-μμ
846 2696 975 2758 eeu-e
996 2723 1039 2749 =
1061 2694 1100 2768 v,
1130 2694 1295 2772 teu-eu

419 2798 482 2861 428
504 2825 548 2852 =
569 2796 595 2878 l,
626 2800 723 2874 1026;
750 2800 897 2861 429-31
924 2827 966 2852 =
987 2797 1031 2874 II,
1059 2798 1230 2878 1061-3.)

257 2897 345 2976 Ques
375 2900 460 2964 maie
487 2906 651 2965 consertos
680 2919 751 2965 esse
787 2899 865 2964 nihil
894 2899 1011 2965 clarius
1038 2899 1160 2964 indicat
1189 2918 1284 2982 quam
1314 2895 1390 2982 quud

251 3000 432 3083 primordia
461 3023 567 3065 rerum
595 3001 628 3067 in
656 3021 750 3068 versu
779 3005 841 3065 422
870 3021 1002 3087 prorsus
1033 3021 1307 3086 supervacaneum
1333 3007 1386 3077 eet,

257 3125 328 3170 eum
355 3105 390 3171 in
421 3103 586 3172 enuntiato
616 3105 757 3183 causali,
794 3105 878 3188 quod
914 3125 935 3171 e
963 3107 1020 3169 ced
1046 3105 1119 3190 quta
1148 3104 1274 3189 incipit,
1312 3105 1389 3170 idem

257 3207 433 3274 subiectum
457 3208 638 3292 primordia
664 3231 770 3272 rerum
799 3216 849 3274 est
881 3214 977 3291 atque
1004 3208 1040 3273 in
1062 3211 1224 3274 enuntiato
1247 3205 1390 3290 primario

261 3313 333 3390 (119
356 3315 453 3395 equ).
501 3312 551 3379 Ab
578 3311 671 3378 initio
699 3331 774 3378 vero
803 3329 859 3378 ecs
887 3309 939 3376 hic
966 3329 1029 3376 nou
1053 3309 1154 3376 tuisse
1177 3329 1217 3375 ex
1240 3309 1391 3394 particule

257 3424 319 3477 tum
341 3413 374 3478 iu
398 3435 494 3480 versu
517 3418 580 3479 432
596 3413 746 3481 cernitur.
787 3414 962 3498 Quaeque
986 3413 1027 3480 eit
1050 3411 1229 3494 reserenda,
1255 3412 1301 3478 ite
1322 3420 1389 3478 tan-

256 3524 320 3582 tum
349 3517 558 3602 intellegitur,
590 3518 617 3584 ei
650 3520 794 3582 ute-31
828 3516 1031 3584 secludimue.
1085 3517 1168 3582 Nem
1199 3515 1270 3582 sine
1299 3513 1390 3582 dubie

254 3619 394 3705 pertinet
415 3619 457 3685 ad
480 3620 579 3686 verba
601 3621 654 3684 ure
676 3620 831 3685 contectus
849 3620 999 3684 cauteriat
1017 3619 1050 3684 iu
1067 3623 1141 3684 416.
1181 3618 1293 3702 Neque
1309 3617 1388 3684 enim

253 3723 295 3789 aei
316 3723 350 3789 id
374 3730 500 3808 tempus
522 3730 629 3808 potest
650 3724 771 3804 reterri,
797 3743 860 3807 quo
884 3723 1008 3790 semiue

809 3835 956 3891 conuecta
977 3835 1103 3909 repente

435 3951 620 4015 mupuurum
643 3952 748 3994 rerum
757 3930 849 4014 fiunt
871 3929 1002 3993 exordia
1023 3949 1154 4012 semper,

434 4033 535 4098 terrui
554 4032 651 4097 muris
674 4041 705 4097 et
727 4033 809 4096 euele'
827 4033 1010 4118 pecorisque
1025 4032 1229 4110 attimacum,

252 4136 370 4222 quippe
398 4156 461 4219 que
485 4143 638 4222 tempore,
664 4136 692 4201 si
714 4155 777 4202 nou
799 4135 871 4219 ipsa
893 4135 970 4198 cotie
991 4143 1064 4198 rota
1085 4157 1140 4198 nee
1163 4132 1272 4217 mapui
1290 4131 1390 4195 stetere

252 4239 370 4316 mundi,
399 4246 540 4304 atcerte
563 4238 675 4302 emite
702 4238 816 4302 uec-trie
845 4239 937 4301 rebus
958 4259 1009 4301 ree
1031 4238 1098 4301 ulte
1120 4236 1222 4302 uideri
1242 4233 1386 4321 potuerit.
