3010 4896
288 365 329 430 18
720 397 762 408 -
808 357 905 442 [162]
954 393 994 404 -

286 559 446 627 codicibus
473 559 635 624 Ρ-ΑΓΘΔ
666 557 805 622 admissa
814 555 840 641 ¹)
867 563 900 620 et
930 556 1012 620 uilia
1038 557 1186 620 uniuerso
1216 553 1290 618 huic
1322 551 1421 637 generi
1489 535 1490 614 Ῐ

294 667 499 734 ihr-Aren
517 665 729 750 communia¹)
748 663 897 729 aSuidae
916 662 1023 728 codice
1037 661 1164 728 omnino
1178 659 1294 726 obiisse
1309 679 1420 725 moneo.
1489 703 1490 714 τ

376 775 464 839 Duos
490 779 614 838 tantum
638 773 723 837 locos
745 769 977 854 his⁸opponere
1001 771 1089 835 licei:
1119 769 1266 854 Legimus
1290 767 1422 833 enimin
1489 749 1490 764 ¹

287 906 313 950 v.
337 881 404 947 924
431 881 516 963 apud
540 879 669 945 Suidam
698 873 878 962 ἰπούμενος
904 890 976 953 ταῖς
1005 887 1204 963 συμφοραῖς,
1231 876 1281 941 cui
1309 873 1422 940 similli-

288 1011 373 1054 mum
396 988 428 1052 in
452 988 482 1052 A
505 987 623 1070 legitur
650 980 844 1069 ἰπισύμανος
852 984 880 1072 ³)
903 995 975 1061 ταῖς
1005 995 1205 1069 συμφοραῖς,
1232 1003 1304 1048 oum
1332 979 1422 1048 ceteri

288 1097 410 1160 codices
434 1093 655 1176 Aristophanis
683 1087 862 1175 ἰπούμενος
889 1103 961 1168 ταῖς
990 1089 1160 1176 εἰσφοραῖς
1183 1089 1367 1165 exhibeanl3
1393 1093 1423 1150 al
1489 1131 1490 1144 l

287 1202 386 1268 uerba
408 1196 588 1284 ἰπούμενος
609 1212 681 1275 ταῖς
700 1211 885 1283 συμφοραῖς
907 1204 1089 1282 comparent
1111 1199 1207 1263 etiem
1223 1197 1309 1281 apud
1327 1195 1423 1279 Elym.

288 1310 350 1392 Mg.
373 1308 453 1383 473,
480 1308 537 1371 31:
564 1308 622 1371 καὶ
652 1297 897 1392 Ἀριστοφάνης·
930 1302 1111 1390 ἰπούμενος
1142 1317 1214 1382 ταῖς
1243 1313 1424 1390 συμφοραῖς

289 1425 321 1482 el
347 1417 431 1499 apud
455 1415 609 1480 Zoneram
631 1435 655 1478 s.
678 1435 704 1478 v.
727 1404 916 1496 Ίπούμενος
946 1412 989 1499 (Ι,
1020 1413 1133 1499 1118);
1161 1413 1245 1496 apud
1269 1410 1423 1476 Pollucem

288 1523 422 1605 denique
447 1521 533 1605 (VII,
553 1520 613 1607 41)
635 1519 714 1586 haec
735 1520 897 1603 leguntur:

616 1622 735 1703 δώσεις
757 1625 830 1710 ἐμοὶ
851 1618 958 1713 καλὴν
982 1628 1088 1714 δίκην,

616 1729 797 1816 ἰπούμενος
818 1744 891 1810 ταῖς
914 1745 1107 1819 συμφοραῖς.

294 1833 529 1926 Ἀριστοφάνης
553 1835 623 1904 πού
645 1856 740 1926 φησι,
767 1841 824 1904 καὶ
847 1843 1013 1920 Κρατῖνος
1036 1839 1179 1924 ἰποῦμεν
1203 1837 1240 1902 ἐν
1264 1839 1426 1917 Κλεοβου-

289 1949 407 2032 arom).
453 1949 566 2030 Itaque
588 1947 641 2012 hic
662 1969 725 2012 oon
748 1953 814 2012 tem
837 1969 1022 2014 eonsensum
1045 1947 1161 2013 Suidae
1184 1967 1255 2012 cum
1273 1943 1427 2010 codiced

289 2077 504 2138 agnoscemus,
531 2055 586 2119 sed
613 2055 776 2138 uulgatum
803 2055 960 2139 quandem
988 2056 1177 2139 scripturam
1203 2060 1238 2118 et
1264 2051 1428 2119 oriundam
1489 2061 1490 2084 ¹

289 2185 327 2227 ex
350 2162 470 2228 Cratini
497 2183 606 2237 uersu,
633 2182 726 2244 quem
753 2160 909 2226 hocloco
935 2162 1089 2246 expilasse
1113 2162 1357 2244 Aristophanem
1379 2160 1428 2224 uel

290 2271 446 2334 imitatum
475 2290 541 2334 csse
569 2291 633 2333 non
666 2273 784 2334 temere
815 2275 997 2334 statuerunt
1024 2269 1228 2335 casaubonus
1254 2267 1429 2334 Brunckius

290 2376 472 2460 Meierusl).
518 2374 659 2458 Vtroque
687 2381 792 2440 autem
820 2375 901 2452 loco,
930 2383 961 2440 et
988 2377 1021 2442 in
1046 2377 1076 2440 A
1099 2383 1132 2442 et
1154 2378 1186 2441 in
1210 2397 1248 2442 eo
1275 2398 1339 2460 quo
1362 2381 1429 2441 ule-

291 2483 385 2547 batur
408 2482 521 2547 Suidas
543 2482 664 2560 codice,
688 2496 877 2568 συμφοραῖς
902 2484 1057 2566 glossema
1078 2485 1212 2568 margini
1236 2485 1429 2568 adscriptum

291 2591 322 2652 iu
347 2590 457 2653 comici
480 2595 659 2655 contextum
683 2591 846 2673 irrepsisse
869 2591 996 2655 uidetur
1004 2592 1041 2676 ⁶).

380 2697 489 2760 Altero
515 2695 598 2772 loco,
629 2719 655 2760 v.
679 2695 757 2774 983,
790 2697 874 2780 quod
901 2698 985 2780 apud
1014 2695 1143 2762 Suidam
1172 2693 1232 2762 δύο
1262 2698 1341 2764 falso
1370 2719 1432 2762 uua

291 2825 360 2868 cum
384 2803 543 2868 codicibus
561 2804 680 2867 ΑΓΘΔ
703 2803 819 2886 legitur
841 2824 898 2886 pro
923 2801 1003 2883 δύω,
1026 2804 1100 2869 huic
1121 2806 1234 2869 mendo
1258 2807 1376 2890 quippe
1395 2825 1432 2869 ex

291 2909 402 2974 eadem
424 2909 625 2974 librariorum
647 2910 769 2974 incuria
786 2909 928 2993 prolecto
946 2913 1000 2974 uix
1019 2914 1186 2995 quiequam
1204 2914 1356 2977 momenti
1376 2912 1432 2977 bi-

292 3016 451 3082 buendum
474 3017 608 3083 uidetur.

825 3134 898 3214 §a

380 3257 588 3322 Transeamus
606 3257 648 3321 ad
667 3257 806 3322 codicem
824 3257 1131 3344 Maecenatem),
1154 3259 1207 3341 qui
1230 3259 1365 3324 alterius
1383 3281 1434 3324 co

292 3365 397 3429 dicum
420 3364 721 3448 Aristophaneorum
744 3366 867 3448 generis
890 3366 1067 3448 exemplum
1090 3371 1137 3431 esl
1160 3367 1294 3431 unicum.

365 3535 384 3600 ¹)
403 3535 455 3587 530
473 3525 574 3600 ἤνθηο)
594 3527 703 3595 ἐκεῖνος
716 3534 818 3586 Aper
836 3525 945 3601 ἤνθησε
960 3541 1053 3597 κεῖνος
1068 3533 1094 3586 Ρ
1109 3525 1236 3603 ἤνθησεν
1250 3495 1364 3599 ἰκτῖνος
1382 3537 1401 3591 S
1414 3537 1423 3602 l

293 3623 345 3676 538
367 3625 470 3692 μικρᾶς
494 3621 634 3675 ΑΓΒΛ-Ρ
658 3625 780 3692 σμικρᾶς
798 3621 905 3689 811884
928 3617 1057 3676 οὐδέποτ’
1080 3623 1223 3676 Aren-P
1241 3619 1390 3679 ούπύποτ’
1409 3626 1434 3679 S.

364 3711 385 3770 ³)
409 3713 443 3764 61
467 3703 522 3763 εἷθ’
546 3706 562 3763 ὁ
585 3707 679 3780 γέρων
706 3711 880 3764 v-P-Arer
901 3705 917 3764 ὁ
941 3710 971 3764 di
995 3709 1090 3782 γέρων
1112 3712 1130 3766 S
1149 3713 1227 3782 1517
1251 3707 1361 3783 ύλίγοις
1384 3709 1434 3783 ἤδη

291 3800 467 3870 χαρίσασθαι
491 3798 668 3852 ἰῘ-Ρ-ΑΓΘΔ
690 3791 741 3868 ἤδη
764 3799 840 3854 omis.
863 3800 970 3869 811856
989 3795 1231 3869 καθαρπάσαντες
1256 3802 1436 3856 V-P-Are]

293 3883 528 3950 κατασπάσαντες
547 3888 587 3956 Sl
602 3889 671 3944 1256
689 3885 817 3958 μένυμαί
835 3905 879 3942 σοι
905 3887 1081 3942 v-P-Arer
1101 3882 1201 3956 ἔσομαι
1221 3907 1267 3944 σοι
1285 3892 1312 3946 S.

364 3977 385 4044 ³)
405 3977 439 4031 ci.
458 3993 541 4045 supro
560 3993 604 4044 pg.
624 3979 658 4032 16
676 3977 767 4032 adnot.
787 3979 812 4032 2.

364 4067 385 4132 ⁴)
404 4065 443 4119 sie
463 4067 488 4120 h.
509 4065 525 4118 l.
546 4066 668 4120 restituit
690 4066 840 4121 secundum
859 4067 980 4122 codicem
1000 4068 1078 4122 Falli.
1099 4067 1257 4123 Mciuelrius
1277 4069 1305 4123 in
1324 4071 1435 4140 Fregm.

294 4156 358 4210 Com
386 4154 483 4208 Graec.
502 4155 537 4208 Il.
557 4156 598 4209 ll.

363 4243 385 4310 ⁶)
404 4223 459 4297 ind.
479 4243 542 4298 lect.
562 4250 629 4298 aest.
650 4245 712 4298 Hal.
733 4246 802 4300 1832
821 4263 865 4315 pg.
884 4247 909 4300 4.

364 4333 385 4400 Β1
404 4331 432 4385 in
451 4333 530 4387 codic
551 4335 583 4397 Γ,
603 4333 650 4402 qui
669 4333 778 4404 saepius
797 4335 909 4390 aliunde
928 4341 1066 4390 correctus
1085 4345 1127 4390 est
1145 4336 1190 4406 (ci.
1205 4353 1250 4405 pg.
1265 4338 1318 4404 21),
1337 4334 1434 4406 εἰσφο-

295 4429 355 4491 ραῖς
374 4437 457 4490 super
476 4419 515 4485 εἰς
534 4423 628 4476 addito
648 4441 710 4485 συμ.
