<?xml version="1.0" encoding="UTF-8"?>
<!DOCTYPE html PUBLIC "-//W3C//DTD XHTML 1.0 Transitional//EN"
    "http://www.w3.org/TR/xhtml1/DTD/xhtml1-transitional.dtd">
<html xmlns="http://www.w3.org/1999/xhtml" xml:lang="en" lang="en">
 <head>
  <title>
</title>
<meta http-equiv="Content-Type" content="text/html;charset=utf-8" />
  <meta name='ocr-system' content='tesseract 3.04.00' />
  <meta name='ocr-capabilities' content='ocr_page ocr_carea ocr_par ocr_line ocrx_word'/>
</head>
<body>
  <div class='ocr_page' id='page_1' title='image "./dissertationesp02unkngoog/dissertationesp02unkngoog_0873.png"; bbox 0 0 3008 4884; ppageno 0'>
   <div class='ocr_carea' id='block_1_1' title="bbox 248 341 943 422">
    <p class='ocr_par' dir='ltr' id='par_1_1' title="bbox 248 341 943 422">
     <span class='ocr_line' id='line_1_1' title="bbox 248 341 943 422; baseline -0.003 -18"><span class='ocrx_word' id='word_1_1' title='bbox 248 345 306 404; x_wconf 84' lang='lat' dir='ltr'><strong>roc</strong></span> <span class='ocrx_word' id='word_1_2' title='bbox 679 377 720 387; x_wconf 90' lang='lat'>-</span> <span class='ocrx_word' id='word_1_3' title='bbox 769 341 853 422; x_wconf 64' lang='lat' dir='ltr'><strong>[asor</strong></span> <span class='ocrx_word' id='word_1_4' title='bbox 900 376 943 385; x_wconf 92' lang='lat'>-</span> 
     </span>
    </p>
   </div>
   <div class='ocr_carea' id='block_1_2' title="bbox 161 527 1376 4123">
    <p class='ocr_par' dir='ltr' id='par_1_2' title="bbox 161 527 1376 4123">
     <span class='ocr_line' id='line_1_2' title="bbox 243 527 1367 614; baseline 0.003 -22"><span class='ocrx_word' id='word_1_5' title='bbox 243 529 335 614; x_wconf 68' lang='lat' dir='ltr'><strong>blim&#39;l]</strong></span> <span class='ocrx_word' id='word_1_6' title='bbox 369 528 575 608; x_wconf 77' lang='lat' dir='ltr'><strong>exordiendo,</strong></span> <span class='ocrx_word' id='word_1_7' title='bbox 608 528 667 594; x_wconf 85' lang='lat' dir='ltr'><strong>sed</strong></span> <span class='ocrx_word' id='word_1_8' title='bbox 694 527 799 593; x_wconf 84' lang='lat' dir='ltr'><strong>itaut</strong></span> <span class='ocrx_word' id='word_1_9' title='bbox 827 528 949 593; x_wconf 86' lang='lat' dir='ltr'><strong>incerta</strong></span> <span class='ocrx_word' id='word_1_10' title='bbox 977 529 1057 591; x_wconf 81' lang='lat' dir='ltr'><strong>imas</strong></span> <span class='ocrx_word' id='word_1_11' title='bbox 1083 528 1145 611; x_wconf 70' lang='lat' dir='ltr'><strong>[vel</strong></span> <span class='ocrx_word' id='word_1_12' title='bbox 1167 529 1231 612; x_wconf 66' lang='grc' dir='ltr'><strong>ὑπ’]</strong></span> <span class='ocrx_word' id='word_1_13' title='bbox 1257 529 1367 595; x_wconf 84' lang='lat' dir='ltr'><strong>littera-</strong></span> 
     </span>
     <span class='ocr_line' id='line_1_3' title="bbox 242 629 1368 718; baseline 0 -20"><span class='ocrx_word' id='word_1_14' title='bbox 242 653 312 698; x_wconf 91' lang='lat' dir='ltr'><strong>rum</strong></span> <span class='ocrx_word' id='word_1_15' title='bbox 334 631 473 716; x_wconf 85' lang='lat' dir='ltr'><strong>vestigia</strong></span> <span class='ocrx_word' id='word_1_16' title='bbox 496 639 713 718; x_wconf 82' lang='lat' dir='ltr'><strong>superessent.</strong></span> <span class='ocrx_word' id='word_1_17' title='bbox 754 629 943 697; x_wconf 84' lang='lat' dir='ltr'><strong>Huiusmodi</strong></span> <span class='ocrx_word' id='word_1_18' title='bbox 966 637 1074 696; x_wconf 88' lang='lat' dir='ltr'><strong>autom</strong></span> <span class='ocrx_word' id='word_1_19' title='bbox 1088 631 1215 698; x_wconf 78' lang='lat' dir='ltr'><strong>lacunis</strong></span> <span class='ocrx_word' id='word_1_20' title='bbox 1231 653 1292 698; x_wconf 90' lang='lat' dir='ltr'><strong>non</strong></span> <span class='ocrx_word' id='word_1_21' title='bbox 1306 653 1368 698; x_wconf 83' lang='lat' dir='ltr'><strong>raro</strong></span> 
     </span>
     <span class='ocr_line' id='line_1_4' title="bbox 161 723 1365 820; baseline -0.001 -17"><span class='ocrx_word' id='word_1_22' title='bbox 161 723 165 731; x_wconf 69' lang='grc'>’</span> <span class='ocrx_word' id='word_1_23' title='bbox 242 737 364 820; x_wconf 82' lang='lat' dir='ltr'><strong>aliquot</strong></span> <span class='ocrx_word' id='word_1_24' title='bbox 386 735 509 802; x_wconf 82' lang='lat' dir='ltr'><strong>litteras</strong></span> <span class='ocrx_word' id='word_1_25' title='bbox 532 735 665 800; x_wconf 88' lang='lat' dir='ltr'><strong>haustas</strong></span> <span class='ocrx_word' id='word_1_26' title='bbox 689 754 763 800; x_wconf 86' lang='lat' dir='ltr'><strong>esse</strong></span> <span class='ocrx_word' id='word_1_27' title='bbox 781 735 814 798; x_wconf 92' lang='lat' dir='ltr'><strong>in</strong></span> <span class='ocrx_word' id='word_1_28' title='bbox 830 733 939 800; x_wconf 86' lang='lat' dir='ltr'><strong>codice</strong></span> <span class='ocrx_word' id='word_1_29' title='bbox 954 734 1130 820; x_wconf 88' lang='lat' dir='ltr'><strong>archetypo</strong></span> <span class='ocrx_word' id='word_1_30' title='bbox 1146 735 1242 802; x_wconf 90' lang='lat' dir='ltr'><strong>docet</strong></span> <span class='ocrx_word' id='word_1_31' title='bbox 1255 736 1365 803; x_wconf 89' lang='lat' dir='ltr'><strong>Simon.</strong></span> 
     </span>
     <span class='ocr_line' id='line_1_5' title="bbox 243 838 1369 925; baseline 0 -19"><span class='ocrx_word' id='word_1_32' title='bbox 243 842 264 906; x_wconf 96' lang='lat' dir='ltr'><strong>l.</strong></span> <span class='ocrx_word' id='word_1_33' title='bbox 289 840 312 904; x_wconf 95' lang='lat' dir='ltr'><strong>l.</strong></span> <span class='ocrx_word' id='word_1_34' title='bbox 338 840 353 903; x_wconf 98' lang='lat' dir='ltr'><strong>l</strong></span> <span class='ocrx_word' id='word_1_35' title='bbox 375 859 450 924; x_wconf 81' lang='lat' dir='ltr'><strong>pag.</strong></span> <span class='ocrx_word' id='word_1_36' title='bbox 472 843 556 922; x_wconf 87' lang='lat' dir='ltr'><strong>7sq.</strong></span> <span class='ocrx_word' id='word_1_37' title='bbox 603 839 716 922; x_wconf 89' lang='lat' dir='ltr'><strong>ltaque</strong></span> <span class='ocrx_word' id='word_1_38' title='bbox 743 838 876 904; x_wconf 89' lang='lat' dir='ltr'><strong>alterins</strong></span> <span class='ocrx_word' id='word_1_39' title='bbox 906 838 1026 904; x_wconf 88' lang='lat' dir='ltr'><strong>codicis</strong></span> <span class='ocrx_word' id='word_1_40' title='bbox 1048 858 1089 904; x_wconf 81' lang='lat' dir='ltr'><strong>ex</strong></span> <span class='ocrx_word' id='word_1_41' title='bbox 1112 839 1183 925; x_wconf 88' lang='lat' dir='ltr'><strong>ipso</strong></span> <span class='ocrx_word' id='word_1_42' title='bbox 1205 839 1369 924; x_wconf 76' lang='lat' dir='ltr'><strong>archetypo</strong></span> 
     </span>
     <span class='ocr_line' id='line_1_6' title="bbox 242 941 1369 1028; baseline 0 -20"><span class='ocrx_word' id='word_1_43' title='bbox 242 942 396 1027; x_wconf 84' lang='lat' dir='ltr'><strong>descripti</strong></span> <span class='ocrx_word' id='word_1_44' title='bbox 411 941 592 1026; x_wconf 58' lang='lat' dir='ltr'><strong>librarium)</strong></span> <span class='ocrx_word' id='word_1_45' title='bbox 613 942 775 1019; x_wconf 90' lang='lat' dir='ltr'><strong>lacunam,</strong></span> <span class='ocrx_word' id='word_1_46' title='bbox 799 961 884 1024; x_wconf 88' lang='lat' dir='ltr'><strong>quae</strong></span> <span class='ocrx_word' id='word_1_47' title='bbox 900 946 971 1008; x_wconf 89' lang='lat' dir='ltr'><strong>erat</strong></span> <span class='ocrx_word' id='word_1_48' title='bbox 984 941 1018 1007; x_wconf 93' lang='lat' dir='ltr'><strong>in</strong></span> <span class='ocrx_word' id='word_1_49' title='bbox 1032 941 1219 1028; x_wconf 85' lang='lat' dir='ltr'><strong>archetypo,</strong></span> <span class='ocrx_word' id='word_1_50' title='bbox 1238 943 1369 1008; x_wconf 89' lang='lat' dir='ltr'><strong>insnum</strong></span> 
     </span>
     <span class='ocr_line' id='line_1_7' title="bbox 243 1043 1370 1132; baseline 0 -22"><span class='ocrx_word' id='word_1_51' title='bbox 243 1065 368 1131; x_wconf 88' lang='lat' dir='ltr'><strong>quoque</strong></span> <span class='ocrx_word' id='word_1_52' title='bbox 389 1045 505 1110; x_wconf 88' lang='lat' dir='ltr'><strong>librum</strong></span> <span class='ocrx_word' id='word_1_53' title='bbox 528 1044 693 1110; x_wconf 83' lang='lat' dir='ltr'><strong>transtulit</strong></span> <span class='ocrx_word' id='word_1_54' title='bbox 715 1043 827 1110; x_wconf 84' lang='lat' dir='ltr'><strong>addita</strong></span> <span class='ocrx_word' id='word_1_55' title='bbox 848 1065 913 1109; x_wconf 87' lang='lat' dir='ltr'><strong>una</strong></span> <span class='ocrx_word' id='word_1_56' title='bbox 935 1065 1019 1128; x_wconf 90' lang='lat' dir='ltr'><strong>quae</strong></span> <span class='ocrx_word' id='word_1_57' title='bbox 1034 1046 1078 1112; x_wconf 87' lang='lat' dir='ltr'><strong>ad</strong></span> <span class='ocrx_word' id='word_1_58' title='bbox 1093 1045 1287 1132; x_wconf 84' lang='lat' dir='ltr'><strong>explendum</strong></span> <span class='ocrx_word' id='word_1_59' title='bbox 1303 1065 1370 1112; x_wconf 89' lang='lat' dir='ltr'><strong>sen-</strong></span> 
     </span>
     <span class='ocr_line' id='line_1_8' title="bbox 244 1147 1371 1227; baseline -0.002 -11"><span class='ocrx_word' id='word_1_60' title='bbox 244 1170 315 1216; x_wconf 90' lang='lat' dir='ltr'><strong>sum</strong></span> <span class='ocrx_word' id='word_1_61' title='bbox 338 1149 521 1216; x_wconf 87' lang='lat' dir='ltr'><strong>neccssaria</strong></span> <span class='ocrx_word' id='word_1_62' title='bbox 542 1147 705 1214; x_wconf 87' lang='lat' dir='ltr'><strong>videretur</strong></span> <span class='ocrx_word' id='word_1_63' title='bbox 727 1148 835 1214; x_wconf 83' lang='lat' dir='ltr'><strong>littc&#39;ra</strong></span> <span class='ocrx_word' id='word_1_64' title='bbox 857 1171 891 1227; x_wconf 90' lang='lat' dir='ltr'><strong>o;</strong></span> <span class='ocrx_word' id='word_1_65' title='bbox 925 1155 1036 1214; x_wconf 89' lang='lat' dir='ltr'><strong>contra</strong></span> <span class='ocrx_word' id='word_1_66' title='bbox 1063 1148 1196 1216; x_wconf 85' lang='lat' dir='ltr'><strong>alterius</strong></span> <span class='ocrx_word' id='word_1_67' title='bbox 1223 1149 1371 1215; x_wconf 87' lang='lat' dir='ltr'><strong>eiusmodi</strong></span> 
     </span>
     <span class='ocr_line' id='line_1_9' title="bbox 243 1250 1371 1336; baseline -0.004 -15"><span class='ocrx_word' id='word_1_68' title='bbox 243 1252 363 1321; x_wconf 88' lang='lat' dir='ltr'><strong>codicis</strong></span> <span class='ocrx_word' id='word_1_69' title='bbox 393 1252 544 1318; x_wconf 88' lang='lat' dir='ltr'><strong>librarius</strong></span> <span class='ocrx_word' id='word_1_70' title='bbox 572 1251 722 1318; x_wconf 86' lang='lat' dir='ltr'><strong>lacunam</strong></span> <span class='ocrx_word' id='word_1_71' title='bbox 751 1252 882 1336; x_wconf 83' lang='lat' dir='ltr'><strong>explere</strong></span> <span class='ocrx_word' id='word_1_72' title='bbox 911 1250 1060 1318; x_wconf 86' lang='lat' dir='ltr'><strong>studebat</strong></span> <span class='ocrx_word' id='word_1_73' title='bbox 1082 1252 1202 1318; x_wconf 89' lang='lat' dir='ltr'><strong>additis</strong></span> <span class='ocrx_word' id='word_1_74' title='bbox 1226 1252 1371 1318; x_wconf 86' lang='lat' dir='ltr'><strong>litteriso</strong></span> 
     </span>
     <span class='ocr_line' id='line_1_10' title="bbox 243 1354 1373 1440; baseline 0 -19"><span class='ocrx_word' id='word_1_75' title='bbox 243 1357 288 1435; x_wconf 80' lang='lat' dir='ltr'><strong>in,</strong></span> <span class='ocrx_word' id='word_1_76' title='bbox 312 1377 407 1440; x_wconf 91' lang='lat' dir='ltr'><strong>quam</strong></span> <span class='ocrx_word' id='word_1_77' title='bbox 424 1376 533 1422; x_wconf 89' lang='lat' dir='ltr'><strong>vocem</strong></span> <span class='ocrx_word' id='word_1_78' title='bbox 549 1356 754 1440; x_wconf 82' lang='lat' dir='ltr'><strong>perspexisse</strong></span> <span class='ocrx_word' id='word_1_79' title='bbox 769 1355 831 1420; x_wconf 91' lang='lat' dir='ltr'><strong>sibi</strong></span> <span class='ocrx_word' id='word_1_80' title='bbox 845 1354 1013 1421; x_wconf 89' lang='lat' dir='ltr'><strong>videbatur</strong></span> <span class='ocrx_word' id='word_1_81' title='bbox 1029 1376 1069 1421; x_wconf 86' lang='lat' dir='ltr'><strong>cx</strong></span> <span class='ocrx_word' id='word_1_82' title='bbox 1084 1357 1189 1438; x_wconf 70' lang='lat' dir='ltr'><strong>inqua).</strong></span> <span class='ocrx_word' id='word_1_83' title='bbox 1229 1355 1373 1422; x_wconf 83' lang='lat' dir='ltr'><strong>Similiter</strong></span> 
     </span>
     <span class='ocr_line' id='line_1_11' title="bbox 243 1451 1375 1545; baseline -0.002 -19"><span class='ocrx_word' id='word_1_84' title='bbox 243 1481 339 1545; x_wconf 92' lang='lat' dir='ltr'><strong>quam</strong></span> <span class='ocrx_word' id='word_1_85' title='bbox 355 1459 425 1526; x_wconf 89' lang='lat' dir='ltr'><strong>cod.</strong></span> <span class='ocrx_word' id='word_1_86' title='bbox 442 1460 521 1545; x_wconf 91' lang='lat' dir='ltr'><strong>bpr.</strong></span> <span class='ocrx_word' id='word_1_87' title='bbox 537 1481 579 1524; x_wconf 94' lang='lat' dir='ltr'><strong>m.</strong></span> <span class='ocrx_word' id='word_1_88' title='bbox 598 1459 741 1544; x_wconf 88' lang='lat' dir='ltr'><strong>praebet,</strong></span> <span class='ocrx_word' id='word_1_89' title='bbox 760 1458 854 1524; x_wconf 89' lang='lat' dir='ltr'><strong>lectio</strong></span> <span class='ocrx_word' id='word_1_90' title='bbox 870 1457 993 1522; x_wconf 74' lang='lat' dir='ltr'><strong>aeeon</strong></span> <span class='ocrx_word' id='word_1_91' title='bbox 1008 1459 1164 1544; x_wconf 84' lang='lat' dir='ltr'><strong>explicari</strong></span> <span class='ocrx_word' id='word_1_92' title='bbox 1180 1451 1277 1544; x_wconf 82' lang='lat' dir='ltr'><strong>posse</strong></span> <span class='ocrx_word' id='word_1_93' title='bbox 1292 1458 1375 1525; x_wconf 82' lang='lat' dir='ltr'><strong>ride-</strong></span> 
     </span>
     <span class='ocr_line' id='line_1_12' title="bbox 245 1560 1371 1647; baseline -0.003 -19"><span class='ocrx_word' id='word_1_94' title='bbox 245 1571 296 1628; x_wconf 90' lang='lat' dir='ltr'><strong>tur</strong></span> <span class='ocrx_word' id='word_1_95' title='bbox 323 1561 375 1644; x_wconf 71' lang='lat' dir='ltr'><strong>lol.</strong></span> <span class='ocrx_word' id='word_1_96' title='bbox 405 1582 488 1647; x_wconf 85' lang='lat' dir='ltr'><strong>quae</strong></span> <span class='ocrx_word' id='word_1_97' title='bbox 510 1561 552 1628; x_wconf 85' lang='lat' dir='ltr'><strong>de</strong></span> <span class='ocrx_word' id='word_1_98' title='bbox 574 1560 645 1628; x_wconf 88' lang='lat' dir='ltr'><strong>cod.</strong></span> <span class='ocrx_word' id='word_1_99' title='bbox 677 1561 698 1627; x_wconf 92' lang='lat' dir='ltr'>b</span> <span class='ocrx_word' id='word_1_100' title='bbox 720 1561 889 1626; x_wconf 89' lang='lat' dir='ltr'><strong>adnotavit</strong></span> <span class='ocrx_word' id='word_1_101' title='bbox 910 1561 1038 1646; x_wconf 86' lang='lat' dir='ltr'><strong>Kayser</strong></span> <span class='ocrx_word' id='word_1_102' title='bbox 1060 1583 1134 1646; x_wconf 85' lang='lat' dir='ltr'><strong>pag.</strong></span> <span class='ocrx_word' id='word_1_103' title='bbox 1154 1563 1292 1644; x_wconf 79' lang='lat' dir='ltr'><strong>xxvn,</strong></span> <span class='ocrx_word' id='word_1_104' title='bbox 1311 1565 1371 1626; x_wconf 73' lang='lat'><strong>24².</strong></span> 
     </span>
     <span class='ocr_line' id='line_1_13' title="bbox 245 1664 1334 1750; baseline -0.002 -20"><span class='ocrx_word' id='word_1_105' title='bbox 245 1664 430 1750; x_wconf 79' lang='lat' dir='ltr'><strong>Lugendum</strong></span> <span class='ocrx_word' id='word_1_106' title='bbox 454 1672 504 1732; x_wconf 87' lang='lat' dir='ltr'><strong>est</strong></span> <span class='ocrx_word' id='word_1_107' title='bbox 525 1665 624 1749; x_wconf 85' lang='lat' dir='ltr'><strong>igitur</strong></span> <span class='ocrx_word' id='word_1_108' title='bbox 647 1666 715 1731; x_wconf 89' lang='lat' dir='ltr'><strong>loco</strong></span> <span class='ocrx_word' id='word_1_109' title='bbox 738 1664 812 1729; x_wconf 88' lang='lat' dir='ltr'><strong>illo:</strong></span> <span class='ocrx_word' id='word_1_110' title='bbox 847 1665 1042 1730; x_wconf 71' lang='lat' dir='ltr'><strong>dorctimrn:</strong></span> <span class='ocrx_word' id='word_1_111' title='bbox 1065 1664 1257 1728; x_wconf 80' lang='lat' dir='ltr'><strong>ennrdienda</strong></span> <span class='ocrx_word' id='word_1_112' title='bbox 1279 1674 1334 1729; x_wconf 77' lang='lat' dir='ltr'><strong>elo.</strong></span> 
     </span>
     <span class='ocr_line' id='line_1_14' title="bbox 332 1768 1375 1852; baseline -0.003 -17"><span class='ocrx_word' id='word_1_113' title='bbox 332 1770 426 1835; x_wconf 81' lang='lat' dir='ltr'><strong>Corn.</strong></span> <span class='ocrx_word' id='word_1_114' title='bbox 446 1770 471 1852; x_wconf 91' lang='lat' dir='ltr'><strong>l,</strong></span> <span class='ocrx_word' id='word_1_115' title='bbox 490 1774 537 1851; x_wconf 80' lang='lat' dir='ltr'><strong>to,</strong></span> <span class='ocrx_word' id='word_1_116' title='bbox 553 1774 602 1833; x_wconf 87' lang='grc'><strong>17.</strong></span> <span class='ocrx_word' id='word_1_117' title='bbox 642 1768 788 1833; x_wconf 61' lang='lat' dir='ltr'><strong>Pramum</strong></span> <span class='ocrx_word' id='word_1_118' title='bbox 804 1769 935 1832; x_wconf 78' lang='lat' dir='ltr'><strong>rainere</strong></span> <span class='ocrx_word' id='word_1_119' title='bbox 950 1778 1085 1834; x_wconf 77' lang='lat' dir='ltr'><strong>narratu</strong></span> <span class='ocrx_word' id='word_1_120' title='bbox 1099 1770 1245 1834; x_wconf 83' lang='lat' dir='ltr'><strong>debemus</strong></span> <span class='ocrx_word' id='word_1_121' title='bbox 1259 1769 1375 1852; x_wconf 65' lang='lat' dir='ltr'><strong>operire</strong></span> 
     </span>
     <span class='ocr_line' id='line_1_15' title="bbox 245 1872 1376 1958; baseline -0.001 -20"><span class='ocrx_word' id='word_1_122' title='bbox 245 1883 303 1938; x_wconf 83' lang='lat' dir='ltr'><strong>etc.</strong></span> <span class='ocrx_word' id='word_1_123' title='bbox 345 1877 394 1938; x_wconf 83' lang='lat' dir='ltr'><strong>Re</strong></span> <span class='ocrx_word' id='word_1_124' title='bbox 415 1880 548 1937; x_wconf 85' lang='lat' dir='ltr'><strong>narratu</strong></span> <span class='ocrx_word' id='word_1_125' title='bbox 571 1872 701 1957; x_wconf 80' lang='lat' dir='ltr'><strong>scripsit</strong></span> <span class='ocrx_word' id='word_1_126' title='bbox 716 1872 884 1958; x_wconf 88' lang='lat' dir='ltr'><strong>Kayserus</strong></span> <span class='ocrx_word' id='word_1_127' title='bbox 911 1872 1050 1937; x_wconf 85' lang='lat' dir='ltr'><strong>maxime</strong></span> <span class='ocrx_word' id='word_1_128' title='bbox 1072 1879 1200 1938; x_wconf 86' lang='lat' dir='ltr'><strong>secutus</strong></span> <span class='ocrx_word' id='word_1_129' title='bbox 1219 1872 1338 1938; x_wconf 87' lang='lat' dir='ltr'><strong>codicis</strong></span> <span class='ocrx_word' id='word_1_130' title='bbox 1358 1894 1376 1937; x_wconf 95' lang='lat' dir='ltr'><strong>n</strong></span> 
     </span>
     <span class='ocr_line' id='line_1_16' title="bbox 244 1973 1373 2060; baseline -0.002 -18"><span class='ocrx_word' id='word_1_131' title='bbox 244 1977 412 2042; x_wconf 84' lang='lat' dir='ltr'><strong>lectionem</strong></span> <span class='ocrx_word' id='word_1_132' title='bbox 439 1999 499 2060; x_wconf 86' lang='lat' dir='ltr'><strong>per</strong></span> <span class='ocrx_word' id='word_1_133' title='bbox 528 1985 661 2040; x_wconf 68' lang='lat' dir='ltr'><strong>nemeto</strong></span> <span class='ocrx_word' id='word_1_134' title='bbox 692 1976 736 2058; x_wconf 80' lang='lat' dir='ltr'><strong>(ro</strong></span> <span class='ocrx_word' id='word_1_135' title='bbox 758 1984 891 2040; x_wconf 78' lang='lat' dir='ltr'><strong>narrata</strong></span> <span class='ocrx_word' id='word_1_136' title='bbox 920 1973 1001 2041; x_wconf 81' lang='lat' dir='ltr'><strong>dixit</strong></span> <span class='ocrx_word' id='word_1_137' title='bbox 1030 1975 1218 2042; x_wconf 82' lang='lat' dir='ltr'><strong>Cornificius</strong></span> <span class='ocrx_word' id='word_1_138' title='bbox 1241 1977 1300 2057; x_wconf 85' lang='lat'>111,</span> <span class='ocrx_word' id='word_1_139' title='bbox 1330 1979 1373 2057; x_wconf 87' lang='grc'><strong>10,</strong></span> 
     </span>
     <span class='ocr_line' id='line_1_17' title="bbox 250 2078 1375 2165; baseline -0.001 -21"><span class='ocrx_word' id='word_1_140' title='bbox 250 2083 312 2165; x_wconf 84' lang='grc'>18).</span> <span class='ocrx_word' id='word_1_141' title='bbox 360 2080 564 2164; x_wconf 87' lang='lat' dir='ltr'><strong>Reliquorum</strong></span> <span class='ocrx_word' id='word_1_142' title='bbox 588 2078 730 2145; x_wconf 88' lang='lat' dir='ltr'><strong>codicum</strong></span> <span class='ocrx_word' id='word_1_143' title='bbox 753 2079 907 2146; x_wconf 85' lang='lat' dir='ltr'><strong>lectiones</strong></span> <span class='ocrx_word' id='word_1_144' title='bbox 930 2078 992 2144; x_wconf 89' lang='lat' dir='ltr'><strong>bae</strong></span> <span class='ocrx_word' id='word_1_145' title='bbox 1014 2086 1105 2144; x_wconf 91' lang='lat' dir='ltr'><strong>sunt:</strong></span> <span class='ocrx_word' id='word_1_146' title='bbox 1140 2103 1201 2163; x_wconf 83' lang='lat' dir='ltr'><strong>per</strong></span> <span class='ocrx_word' id='word_1_147' title='bbox 1222 2080 1375 2144; x_wconf 66' lang='lat' dir='ltr'><strong>namatio-</strong></span> 
     </span>
     <span class='ocr_line' id='line_1_18' title="bbox 244 2181 1370 2268; baseline 0.003 -22"><span class='ocrx_word' id='word_1_148' title='bbox 244 2206 315 2247; x_wconf 85' lang='lat' dir='ltr'><strong>nem</strong></span> <span class='ocrx_word' id='word_1_149' title='bbox 349 2182 440 2267; x_wconf 89' lang='lat' dir='ltr'><strong>prim.</strong></span> <span class='ocrx_word' id='word_1_150' title='bbox 475 2182 565 2262; x_wconf 82' lang='lat' dir='ltr'><strong>fam,</strong></span> <span class='ocrx_word' id='word_1_151' title='bbox 598 2181 616 2247; x_wconf 82' lang='lat' dir='ltr'><strong>f</strong></span> <span class='ocrx_word' id='word_1_152' title='bbox 641 2204 682 2248; x_wconf 94' lang='lat' dir='ltr'><strong>m.</strong></span> <span class='ocrx_word' id='word_1_153' title='bbox 716 2203 782 2268; x_wconf 91' lang='lat' dir='ltr'><strong>pr.;</strong></span> <span class='ocrx_word' id='word_1_154' title='bbox 818 2204 879 2265; x_wconf 84' lang='lat' dir='ltr'><strong>per</strong></span> <span class='ocrx_word' id='word_1_155' title='bbox 911 2182 1096 2247; x_wconf 80' lang='lat' dir='ltr'><strong>narratione</strong></span> <span class='ocrx_word' id='word_1_156' title='bbox 1128 2185 1232 2266; x_wconf 72' lang='lat' dir='ltr'><strong>(emsa</strong></span> <span class='ocrx_word' id='word_1_157' title='bbox 1262 2183 1370 2266; x_wconf 62' lang='lat' dir='ltr'><strong>littera}</strong></span> 
     </span>
     <span class='ocr_line' id='line_1_19' title="bbox 245 2285 1375 2370; baseline -0.002 -18"><span class='ocrx_word' id='word_1_158' title='bbox 245 2291 309 2366; x_wconf 87' lang='lat' dir='ltr'><strong>a¹;</strong></span> <span class='ocrx_word' id='word_1_159' title='bbox 343 2295 419 2370; x_wconf 82' lang='lat' dir='ltr'><strong>post</strong></span> <span class='ocrx_word' id='word_1_160' title='bbox 440 2285 654 2350; x_wconf 77' lang='lat' dir='ltr'><strong>narrationem</strong></span> <span class='ocrx_word' id='word_1_161' title='bbox 676 2286 754 2351; x_wconf 80' lang='lat' dir='ltr'><strong>im.</strong></span> <span class='ocrx_word' id='word_1_162' title='bbox 780 2305 859 2363; x_wconf 77' lang='lat' dir='ltr'><strong>sec,</strong></span> <span class='ocrx_word' id='word_1_163' title='bbox 893 2286 979 2365; x_wconf 80' lang='lat' dir='ltr'><strong>rl³v;</strong></span> <span class='ocrx_word' id='word_1_164' title='bbox 1013 2285 1227 2352; x_wconf 59' lang='lat' dir='ltr'><strong>novationem</strong></span> <span class='ocrx_word' id='word_1_165' title='bbox 1249 2292 1277 2364; x_wconf 84' lang='lat' dir='ltr'><strong>t,</strong></span> <span class='ocrx_word' id='word_1_166' title='bbox 1304 2309 1375 2368; x_wconf 84' lang='lat' dir='ltr'><strong>per·</strong></span> 
     </span>
     <span class='ocr_line' id='line_1_20' title="bbox 246 2388 1375 2472; baseline 0.001 -20"><span class='ocrx_word' id='word_1_167' title='bbox 246 2397 336 2454; x_wconf 87' lang='lat' dir='ltr'><strong>orote</strong></span> <span class='ocrx_word' id='word_1_168' title='bbox 365 2389 548 2454; x_wconf 82' lang='lat' dir='ltr'><strong>narretione</strong></span> <span class='ocrx_word' id='word_1_169' title='bbox 576 2392 633 2470; x_wconf 57' lang='grc' dir='ltr'><strong>αἳ,</strong></span> <span class='ocrx_word' id='word_1_170' title='bbox 666 2394 743 2454; x_wconf 90' lang='lat' dir='ltr'><strong>tm.</strong></span> <span class='ocrx_word' id='word_1_171' title='bbox 769 2409 810 2470; x_wconf 80' lang='lat' dir='ltr'><strong>s,</strong></span> <span class='ocrx_word' id='word_1_172' title='bbox 847 2409 916 2468; x_wconf 92' lang='lat' dir='ltr'><strong>co,</strong></span> <span class='ocrx_word' id='word_1_173' title='bbox 950 2395 1022 2454; x_wconf 87' lang='lat' dir='ltr'><strong>tert.</strong></span> <span class='ocrx_word' id='word_1_174' title='bbox 1058 2388 1134 2454; x_wconf 84' lang='lat' dir='ltr'><strong>lam.</strong></span> <span class='ocrx_word' id='word_1_175' title='bbox 1182 2389 1266 2455; x_wconf 91' lang='lat' dir='ltr'><strong>Hinc</strong></span> <span class='ocrx_word' id='word_1_176' title='bbox 1294 2388 1375 2472; x_wconf 91' lang='lat' dir='ltr'><strong>equi-</strong></span> 
     </span>
     <span class='ocr_line' id='line_1_21' title="bbox 245 2491 1375 2576; baseline -0.002 -18"><span class='ocrx_word' id='word_1_177' title='bbox 245 2491 318 2558; x_wconf 85' lang='lat' dir='ltr'><strong>dem</strong></span> <span class='ocrx_word' id='word_1_178' title='bbox 342 2492 482 2558; x_wconf 82' lang='lat' dir='ltr'><strong>maxime</strong></span> <span class='ocrx_word' id='word_1_179' title='bbox 504 2498 631 2560; x_wconf 88' lang='lat' dir='ltr'><strong>secutus</strong></span> <span class='ocrx_word' id='word_1_180' title='bbox 654 2491 773 2558; x_wconf 89' lang='lat' dir='ltr'><strong>codicis</strong></span> <span class='ocrx_word' id='word_1_181' title='bbox 789 2495 820 2557; x_wconf 82' lang='lat' dir='ltr'><strong>a¹</strong></span> <span class='ocrx_word' id='word_1_182' title='bbox 845 2491 1014 2558; x_wconf 85' lang='lat' dir='ltr'><strong>lectionem</strong></span> <span class='ocrx_word' id='word_1_183' title='bbox 1032 2515 1095 2576; x_wconf 84' lang='lat' dir='ltr'><strong>per</strong></span> <span class='ocrx_word' id='word_1_184' title='bbox 1109 2492 1291 2558; x_wconf 81' lang='lat' dir='ltr'><strong>narratione</strong></span> <span class='ocrx_word' id='word_1_185' title='bbox 1305 2513 1375 2558; x_wconf 90' lang='lat' dir='ltr'><strong>con-</strong></span> 
     </span>
     <span class='ocr_line' id='line_1_22' title="bbox 246 2594 1294 2681; baseline -0.004 -18"><span class='ocrx_word' id='word_1_186' title='bbox 246 2595 340 2663; x_wconf 85' lang='lat' dir='ltr'><strong>cludo</strong></span> <span class='ocrx_word' id='word_1_187' title='bbox 371 2596 403 2660; x_wconf 93' lang='lat' dir='ltr'><strong>in</strong></span> <span class='ocrx_word' id='word_1_188' title='bbox 426 2594 538 2663; x_wconf 90' lang='lat' dir='ltr'><strong>codice</strong></span> <span class='ocrx_word' id='word_1_189' title='bbox 560 2595 736 2681; x_wconf 88' lang='lat' dir='ltr'><strong>archetypo</strong></span> <span class='ocrx_word' id='word_1_190' title='bbox 767 2595 888 2681; x_wconf 89' lang='lat' dir='ltr'><strong>scripta</strong></span> <span class='ocrx_word' id='word_1_191' title='bbox 916 2595 1018 2662; x_wconf 85' lang='lat' dir='ltr'><strong>fuisse</strong></span> <span class='ocrx_word' id='word_1_192' title='bbox 1046 2595 1145 2663; x_wconf 88' lang='lat' dir='ltr'><strong>haec:</strong></span> <span class='ocrx_word' id='word_1_193' title='bbox 1173 2619 1235 2678; x_wconf 83' lang='lat' dir='ltr'><strong>per</strong></span> <span class='ocrx_word' id='word_1_194' title='bbox 1260 2644 1371 2672; x_wconf 92' lang='grc'><strong>.....</strong></span> 
     </span>
     <span class='ocr_line' id='line_1_23' title="bbox 246 2689 1375 2784; baseline -0.001 -21"><span class='ocrx_word' id='word_1_195' title='bbox 246 2689 429 2765; x_wconf 79' lang='lat' dir='ltr'><strong>narratione</strong></span> <span class='ocrx_word' id='word_1_196' title='bbox 451 2699 471 2764; x_wconf 92' lang='lat' dir='ltr'><strong>i.</strong></span> <span class='ocrx_word' id='word_1_197' title='bbox 499 2721 529 2766; x_wconf 86' lang='lat' dir='ltr'><strong>e.</strong></span> <span class='ocrx_word' id='word_1_198' title='bbox 554 2698 769 2784; x_wconf 87' lang='lat' dir='ltr'><strong>praecedebat</strong></span> <span class='ocrx_word' id='word_1_199' title='bbox 791 2719 903 2766; x_wconf 89' lang='lat' dir='ltr'><strong>vocem</strong></span> <span class='ocrx_word' id='word_1_200' title='bbox 925 2700 1108 2764; x_wconf 80' lang='lat' dir='ltr'><strong>narratione</strong></span> <span class='ocrx_word' id='word_1_201' title='bbox 1128 2699 1286 2766; x_wconf 84' lang='lat' dir='ltr'><strong>ablativus</strong></span> <span class='ocrx_word' id='word_1_202' title='bbox 1307 2719 1375 2783; x_wconf 87' lang='lat' dir='ltr'><strong>par-</strong></span> 
     </span>
     <span class='ocr_line' id='line_1_24' title="bbox 248 2802 1375 2889; baseline -0.005 -19"><span class='ocrx_word' id='word_1_203' title='bbox 248 2803 349 2888; x_wconf 86' lang='lat' dir='ltr'><strong>ticipii</strong></span> <span class='ocrx_word' id='word_1_204' title='bbox 372 2802 460 2870; x_wconf 89' lang='lat' dir='ltr'><strong>verbi</strong></span> <span class='ocrx_word' id='word_1_205' title='bbox 483 2803 619 2869; x_wconf 86' lang='lat' dir='ltr'><strong>alicuius</strong></span> <span class='ocrx_word' id='word_1_206' title='bbox 649 2823 721 2870; x_wconf 88' lang='lat' dir='ltr'><strong>cum</strong></span> <span class='ocrx_word' id='word_1_207' title='bbox 749 2825 809 2886; x_wconf 82' lang='lat' dir='ltr'><strong>per</strong></span> <span class='ocrx_word' id='word_1_208' title='bbox 836 2803 1074 2888; x_wconf 87' lang='lat' dir='ltr'><strong>praepositione</strong></span> <span class='ocrx_word' id='word_1_209' title='bbox 1100 2803 1268 2889; x_wconf 88' lang='lat' dir='ltr'><strong>compositi</strong></span> <span class='ocrx_word' id='word_1_210' title='bbox 1296 2809 1326 2869; x_wconf 93' lang='lat' dir='ltr'><strong>et</strong></span> <span class='ocrx_word' id='word_1_211' title='bbox 1344 2802 1375 2865; x_wconf 95' lang='lat' dir='ltr'><strong>in</strong></span> 
     </span>
     <span class='ocr_line' id='line_1_25' title="bbox 247 2904 1375 2992; baseline -0.003 -21"><span class='ocrx_word' id='word_1_212' title='bbox 247 2907 319 2992; x_wconf 90' lang='lat' dir='ltr'><strong>ipso</strong></span> <span class='ocrx_word' id='word_1_213' title='bbox 342 2906 451 2973; x_wconf 88' lang='lat' dir='ltr'><strong>codice</strong></span> <span class='ocrx_word' id='word_1_214' title='bbox 473 2906 646 2991; x_wconf 86' lang='lat' dir='ltr'><strong>archetypo</strong></span> <span class='ocrx_word' id='word_1_215' title='bbox 669 2904 765 2972; x_wconf 82' lang='lat' dir='ltr'><strong>foede</strong></span> <span class='ocrx_word' id='word_1_216' title='bbox 787 2905 935 2971; x_wconf 87' lang='lat' dir='ltr'><strong>mutilati.</strong></span> <span class='ocrx_word' id='word_1_217' title='bbox 983 2905 1063 2973; x_wconf 87' lang='lat' dir='ltr'><strong>Inde</strong></span> <span class='ocrx_word' id='word_1_218' title='bbox 1086 2907 1211 2992; x_wconf 90' lang='lat' dir='ltr'><strong>primae</strong></span> <span class='ocrx_word' id='word_1_219' title='bbox 1244 2905 1375 2970; x_wconf 76' lang='lat' dir='ltr'><strong>familiae</strong></span> 
     </span>
     <span class='ocr_line' id='line_1_26' title="bbox 247 3008 1373 3094; baseline -0.004 -18"><span class='ocrx_word' id='word_1_220' title='bbox 247 3009 361 3090; x_wconf 85' lang='lat' dir='ltr'><strong>codd,</strong></span> <span class='ocrx_word' id='word_1_221' title='bbox 395 3017 431 3076; x_wconf 92' lang='lat' dir='ltr'><strong>ut</strong></span> <span class='ocrx_word' id='word_1_222' title='bbox 458 3010 562 3076; x_wconf 86' lang='lat' dir='ltr'><strong>solent</strong></span> <span class='ocrx_word' id='word_1_223' title='bbox 593 3010 644 3094; x_wconf 82' lang='lat' dir='ltr'><strong>(of.</strong></span> <span class='ocrx_word' id='word_1_224' title='bbox 671 3029 754 3094; x_wconf 89' lang='lat' dir='ltr'><strong>quae</strong></span> <span class='ocrx_word' id='word_1_225' title='bbox 777 3029 877 3094; x_wconf 90' lang='lat' dir='ltr'><strong>supra</strong></span> <span class='ocrx_word' id='word_1_226' title='bbox 899 3008 941 3074; x_wconf 89' lang='lat' dir='ltr'><strong>ad</strong></span> <span class='ocrx_word' id='word_1_227' title='bbox 963 3010 990 3090; x_wconf 83' lang='grc' dir='ltr'><strong>Ι,</strong></span> <span class='ocrx_word' id='word_1_228' title='bbox 1010 3014 1038 3089; x_wconf 83' lang='grc'><strong>7,</strong></span> <span class='ocrx_word' id='word_1_229' title='bbox 1062 3013 1095 3072; x_wconf 85' lang='lat' dir='ltr'><strong>ll</strong></span> <span class='ocrx_word' id='word_1_230' title='bbox 1123 3008 1373 3094; x_wconf 67' lang='lat' dir='ltr'><strong>disputavimus,</strong></span> 
     </span>
     <span class='ocr_line' id='line_1_27' title="bbox 248 3110 1375 3198; baseline -0.002 -20"><span class='ocrx_word' id='word_1_231' title='bbox 248 3115 395 3180; x_wconf 88' lang='lat' dir='ltr'><strong>lacunam</strong></span> <span class='ocrx_word' id='word_1_232' title='bbox 429 3115 586 3198; x_wconf 83' lang='lat' dir='ltr'><strong>integram</strong></span> <span class='ocrx_word' id='word_1_233' title='bbox 619 3111 831 3180; x_wconf 85' lang='lat' dir='ltr'><strong>exbibuerunt</strong></span> <span class='ocrx_word' id='word_1_234' title='bbox 859 3111 970 3178; x_wconf 87' lang='lat' dir='ltr'><strong>addita</strong></span> <span class='ocrx_word' id='word_1_235' title='bbox 998 3133 1063 3178; x_wconf 89' lang='lat' dir='ltr'><strong>una</strong></span> <span class='ocrx_word' id='word_1_236' title='bbox 1091 3131 1174 3196; x_wconf 88' lang='lat' dir='ltr'><strong>quae</strong></span> <span class='ocrx_word' id='word_1_237' title='bbox 1203 3110 1375 3178; x_wconf 86' lang='lat' dir='ltr'><strong>necessaria</strong></span> 
     </span>
     <span class='ocr_line' id='line_1_28' title="bbox 247 3215 1374 3302; baseline -0.003 -20"><span class='ocrx_word' id='word_1_238' title='bbox 247 3216 407 3283; x_wconf 85' lang='lat' dir='ltr'><strong>videretur</strong></span> <span class='ocrx_word' id='word_1_239' title='bbox 430 3217 536 3284; x_wconf 87' lang='lat' dir='ltr'><strong>littera</strong></span> <span class='ocrx_word' id='word_1_240' title='bbox 558 3240 589 3281; x_wconf 86' lang='lat' dir='ltr'><strong>m</strong></span> <span class='ocrx_word' id='word_1_241' title='bbox 612 3223 685 3302; x_wconf 91' lang='lat' dir='ltr'><strong>post</strong></span> <span class='ocrx_word' id='word_1_242' title='bbox 699 3218 898 3297; x_wconf 76' lang='lat' dir='ltr'><strong>narratione3</strong></span> <span class='ocrx_word' id='word_1_243' title='bbox 926 3224 1036 3283; x_wconf 89' lang='lat' dir='ltr'><strong>contra</strong></span> <span class='ocrx_word' id='word_1_244' title='bbox 1051 3215 1212 3283; x_wconf 86' lang='lat' dir='ltr'><strong>secundae</strong></span> <span class='ocrx_word' id='word_1_245' title='bbox 1225 3220 1258 3281; x_wconf 88' lang='lat' dir='ltr'><strong>et</strong></span> <span class='ocrx_word' id='word_1_246' title='bbox 1273 3215 1374 3281; x_wconf 84' lang='lat' dir='ltr'><strong>tertiae</strong></span> 
     </span>
     <span class='ocr_line' id='line_1_29' title="bbox 248 3319 1375 3402; baseline -0.002 -17"><span class='ocrx_word' id='word_1_247' title='bbox 248 3321 390 3388; x_wconf 86' lang='lat' dir='ltr'><strong>familiae</strong></span> <span class='ocrx_word' id='word_1_248' title='bbox 412 3321 503 3388; x_wconf 86' lang='lat' dir='ltr'><strong>codd.</strong></span> <span class='ocrx_word' id='word_1_249' title='bbox 536 3321 675 3402; x_wconf 89' lang='lat' dir='ltr'><strong>librarii,</strong></span> <span class='ocrx_word' id='word_1_250' title='bbox 709 3327 743 3386; x_wconf 95' lang='lat' dir='ltr'><strong>ut</strong></span> <span class='ocrx_word' id='word_1_251' title='bbox 771 3320 880 3386; x_wconf 87' lang='lat' dir='ltr'><strong>sensui</strong></span> <span class='ocrx_word' id='word_1_252' title='bbox 910 3319 1103 3400; x_wconf 86' lang='lat' dir='ltr'><strong>sufficerent,</strong></span> <span class='ocrx_word' id='word_1_253' title='bbox 1129 3319 1185 3385; x_wconf 90' lang='lat' dir='ltr'><strong>alii</strong></span> <span class='ocrx_word' id='word_1_254' title='bbox 1208 3319 1295 3384; x_wconf 90' lang='lat' dir='ltr'><strong>aliud</strong></span> <span class='ocrx_word' id='word_1_255' title='bbox 1315 3337 1375 3384; x_wconf 80' lang='lat' dir='ltr'><strong>mo</strong></span> 
     </span>
     <span class='ocr_line' id='line_1_30' title="bbox 247 3423 1375 3514; baseline -0.002 -26"><span class='ocrx_word' id='word_1_256' title='bbox 247 3424 297 3488; x_wconf 89' lang='lat' dir='ltr'><strong>liti</strong></span> <span class='ocrx_word' id='word_1_257' title='bbox 320 3431 409 3490; x_wconf 89' lang='lat' dir='ltr'><strong>sunt:</strong></span> <span class='ocrx_word' id='word_1_258' title='bbox 443 3423 754 3514; x_wconf 27' lang='lat' dir='ltr'><strong>scripseruntuenim</strong></span> <span class='ocrx_word' id='word_1_259' title='bbox 786 3424 902 3508; x_wconf 87' lang='lat' dir='ltr'><strong>partim</strong></span> <span class='ocrx_word' id='word_1_260' title='bbox 929 3433 1004 3507; x_wconf 82' lang='lat' dir='ltr'><strong>post</strong></span> <span class='ocrx_word' id='word_1_261' title='bbox 1030 3423 1243 3488; x_wconf 75' lang='lat' dir='ltr'><strong>narrationem</strong></span> <span class='ocrx_word' id='word_1_262' title='bbox 1266 3427 1375 3487; x_wconf 87' lang='lat' dir='ltr'><strong>mutato</strong></span> 
     </span>
     <span class='ocr_line' id='line_1_31' title="bbox 245 3527 1374 3612; baseline -0.002 -20"><span class='ocrx_word' id='word_1_263' title='bbox 245 3549 304 3610; x_wconf 86' lang='lat' dir='ltr'><strong>per</strong></span> <span class='ocrx_word' id='word_1_264' title='bbox 332 3527 365 3592; x_wconf 92' lang='lat' dir='ltr'><strong>in</strong></span> <span class='ocrx_word' id='word_1_265' title='bbox 390 3537 471 3610; x_wconf 76' lang='lat' dir='ltr'><strong>post,</strong></span> <span class='ocrx_word' id='word_1_266' title='bbox 506 3528 624 3612; x_wconf 91' lang='lat' dir='ltr'><strong>partim</strong></span> <span class='ocrx_word' id='word_1_267' title='bbox 654 3546 725 3592; x_wconf 89' lang='lat' dir='ltr'><strong>cum</strong></span> <span class='ocrx_word' id='word_1_268' title='bbox 749 3528 898 3592; x_wconf 89' lang='lat' dir='ltr'><strong>lacunam</strong></span> <span class='ocrx_word' id='word_1_269' title='bbox 922 3528 1053 3612; x_wconf 84' lang='lat' dir='ltr'><strong>explere</strong></span> <span class='ocrx_word' id='word_1_270' title='bbox 1079 3532 1280 3607; x_wconf 84' lang='lat' dir='ltr'><strong>conarentur,</strong></span> <span class='ocrx_word' id='word_1_271' title='bbox 1304 3547 1374 3608; x_wconf 83' lang='lat' dir='ltr'><strong>per-</strong></span> 
     </span>
     <span class='ocr_line' id='line_1_32' title="bbox 249 3627 1374 3714; baseline -0.003 -20"><span class='ocrx_word' id='word_1_272' title='bbox 249 3639 340 3695; x_wconf 85' lang='lat' dir='ltr'><strong>orato</strong></span> <span class='ocrx_word' id='word_1_273' title='bbox 361 3631 552 3710; x_wconf 79' lang='lat' dir='ltr'><strong>narratione,</strong></span> <span class='ocrx_word' id='word_1_274' title='bbox 587 3630 673 3713; x_wconf 91' lang='lat' dir='ltr'><strong>quod</strong></span> <span class='ocrx_word' id='word_1_275' title='bbox 695 3650 758 3695; x_wconf 92' lang='lat' dir='ltr'><strong>non</strong></span> <span class='ocrx_word' id='word_1_276' title='bbox 782 3631 861 3696; x_wconf 90' lang='lat' dir='ltr'><strong>satis</strong></span> <span class='ocrx_word' id='word_1_277' title='bbox 884 3629 1041 3714; x_wconf 90' lang='lat' dir='ltr'><strong>quadrare</strong></span> <span class='ocrx_word' id='word_1_278' title='bbox 1064 3629 1106 3694; x_wconf 89' lang='lat' dir='ltr'><strong>ad</strong></span> <span class='ocrx_word' id='word_1_279' title='bbox 1129 3649 1258 3695; x_wconf 87' lang='lat' dir='ltr'><strong>sensnm</strong></span> <span class='ocrx_word' id='word_1_280' title='bbox 1281 3627 1374 3693; x_wconf 90' lang='lat' dir='ltr'><strong>mani-</strong></span> 
     </span>
     <span class='ocr_line' id='line_1_33' title="bbox 249 3730 1374 3816; baseline -0.006 -16"><span class='ocrx_word' id='word_1_281' title='bbox 249 3734 364 3800; x_wconf 79' lang='lat' dir='ltr'><strong>festum</strong></span> <span class='ocrx_word' id='word_1_282' title='bbox 388 3741 447 3800; x_wconf 90' lang='lat' dir='ltr'><strong>cst.</strong></span> <span class='ocrx_word' id='word_1_283' title='bbox 496 3731 614 3800; x_wconf 81' lang='lat' dir='ltr'><strong>Contra</strong></span> <span class='ocrx_word' id='word_1_284' title='bbox 636 3733 733 3800; x_wconf 85' lang='lat' dir='ltr'><strong>verba</strong></span> <span class='ocrx_word' id='word_1_285' title='bbox 749 3756 810 3816; x_wconf 85' lang='lat' dir='ltr'><strong>per</strong></span> <span class='ocrx_word' id='word_1_286' title='bbox 833 3733 1046 3798; x_wconf 68' lang='lat' dir='ltr'><strong>nunotionem</strong></span> <span class='ocrx_word' id='word_1_287' title='bbox 1069 3735 1132 3812; x_wconf 80' lang='lat' dir='ltr'><strong>vel,</strong></span> <span class='ocrx_word' id='word_1_288' title='bbox 1166 3731 1250 3816; x_wconf 92' lang='lat' dir='ltr'><strong>quod</strong></span> <span class='ocrx_word' id='word_1_289' title='bbox 1273 3733 1304 3797; x_wconf 92' lang='lat' dir='ltr'><strong>in</strong></span> <span class='ocrx_word' id='word_1_290' title='bbox 1325 3730 1374 3794; x_wconf 90' lang='lat' dir='ltr'><strong>de-</strong></span> 
     </span>
     <span class='ocr_line' id='line_1_34' title="bbox 248 3835 1374 3921; baseline -0.006 -17"><span class='ocrx_word' id='word_1_291' title='bbox 248 3839 416 3905; x_wconf 86' lang='lat' dir='ltr'><strong>terioribus</strong></span> <span class='ocrx_word' id='word_1_292' title='bbox 450 3837 539 3903; x_wconf 86' lang='lat' dir='ltr'><strong>libris</strong></span> <span class='ocrx_word' id='word_1_293' title='bbox 572 3837 710 3921; x_wconf 86' lang='lat' dir='ltr'><strong>legitur,</strong></span> <span class='ocrx_word' id='word_1_294' title='bbox 742 3846 897 3921; x_wconf 81' lang='lat' dir='ltr'><strong>perorata</strong></span> <span class='ocrx_word' id='word_1_295' title='bbox 928 3838 1111 3902; x_wconf 74' lang='lat' dir='ltr'><strong>comotione</strong></span> <span class='ocrx_word' id='word_1_296' title='bbox 1142 3835 1280 3902; x_wconf 85' lang='lat' dir='ltr'><strong>delenda</strong></span> <span class='ocrx_word' id='word_1_297' title='bbox 1311 3851 1374 3900; x_wconf 85' lang='lat' dir='ltr'><strong>esse</strong></span> 
     </span>
     <span class='ocr_line' id='line_1_35' title="bbox 250 3940 1326 4025; baseline -0.008 -17"><span class='ocrx_word' id='word_1_298' title='bbox 250 3949 361 4008; x_wconf 89' lang='lat' dir='ltr'><strong>censet</strong></span> <span class='ocrx_word' id='word_1_299' title='bbox 383 3944 496 4008; x_wconf 90' lang='lat' dir='ltr'><strong>Petrus</strong></span> <span class='ocrx_word' id='word_1_300' title='bbox 520 3941 653 4025; x_wconf 85' lang='lat' dir='ltr'><strong>Langen</strong></span> <span class='ocrx_word' id='word_1_301' title='bbox 676 3942 710 4006; x_wconf 92' lang='lat' dir='ltr'><strong>in</strong></span> <span class='ocrx_word' id='word_1_302' title='bbox 732 3940 892 4024; x_wconf 82' lang='lat' dir='ltr'><strong>Philologi</strong></span> <span class='ocrx_word' id='word_1_303' title='bbox 915 3941 976 4007; x_wconf 86' lang='lat' dir='ltr'><strong>vol.</strong></span> <span class='ocrx_word' id='word_1_304' title='bbox 996 3940 1139 4006; x_wconf 85' lang='lat' dir='ltr'>XXXVI</span> <span class='ocrx_word' id='word_1_305' title='bbox 1161 3960 1237 4024; x_wconf 86' lang='lat' dir='ltr'><strong>pag.</strong></span> <span class='ocrx_word' id='word_1_306' title='bbox 1257 3941 1326 4003; x_wconf 82' lang='lat'><strong>583.</strong></span> 
     </span>
     <span class='ocr_line' id='line_1_36' title="bbox 336 4043 1373 4123; baseline -0.009 -12"><span class='ocrx_word' id='word_1_307' title='bbox 336 4045 416 4111; x_wconf 82' lang='lat' dir='ltr'><strong>Cum</strong></span> <span class='ocrx_word' id='word_1_308' title='bbox 439 4065 513 4112; x_wconf 88' lang='lat' dir='ltr'><strong>vero</strong></span> <span class='ocrx_word' id='word_1_309' title='bbox 543 4045 606 4110; x_wconf 90' lang='lat' dir='ltr'><strong>alio</strong></span> <span class='ocrx_word' id='word_1_310' title='bbox 636 4044 789 4122; x_wconf 90' lang='lat' dir='ltr'><strong>locolll,</strong></span> <span class='ocrx_word' id='word_1_311' title='bbox 814 4047 903 4123; x_wconf 81' lang='lat' dir='ltr'><strong>7,1a</strong></span> <span class='ocrx_word' id='word_1_312' title='bbox 933 4044 1122 4111; x_wconf 78' lang='lat' dir='ltr'><strong>Cornificius</strong></span> <span class='ocrx_word' id='word_1_313' title='bbox 1150 4043 1262 4108; x_wconf 85' lang='lat' dir='ltr'><strong>eodem</strong></span> <span class='ocrx_word' id='word_1_314' title='bbox 1291 4057 1373 4107; x_wconf 87' lang='lat' dir='ltr'><strong>sensu</strong></span> 
     </span>
    </p>
   </div>
   <div class='ocr_carea' id='block_1_3' title="bbox 321 4266 1044 4338">
    <p class='ocr_par' dir='ltr' id='par_1_3' title="bbox 321 4266 1044 4338">
     <span class='ocr_line' id='line_1_37' title="bbox 321 4266 1044 4338; baseline 0.004 -17"><span class='ocrx_word' id='word_1_315' title='bbox 321 4271 338 4333; x_wconf 79' lang='lat'><strong>¹)</strong></span> <span class='ocrx_word' id='word_1_316' title='bbox 361 4267 402 4323; x_wconf 89' lang='lat' dir='ltr'><strong>Dc</strong></span> <span class='ocrx_word' id='word_1_317' title='bbox 421 4268 464 4326; x_wconf 85' lang='lat' dir='ltr'><strong>bis</strong></span> <span class='ocrx_word' id='word_1_318' title='bbox 482 4267 565 4325; x_wconf 86' lang='lat' dir='ltr'><strong>robus</strong></span> <span class='ocrx_word' id='word_1_319' title='bbox 583 4266 619 4324; x_wconf 85' lang='lat' dir='ltr'><strong>cl.</strong></span> <span class='ocrx_word' id='word_1_320' title='bbox 640 4267 744 4333; x_wconf 88' lang='lat' dir='ltr'><strong>Simon,</strong></span> <span class='ocrx_word' id='word_1_321' title='bbox 764 4267 782 4320; x_wconf 90' lang='lat' dir='ltr'><strong>l.</strong></span> <span class='ocrx_word' id='word_1_322' title='bbox 804 4267 821 4322; x_wconf 90' lang='lat' dir='ltr'><strong>l.</strong></span> <span class='ocrx_word' id='word_1_323' title='bbox 843 4266 856 4320; x_wconf 94' lang='lat' dir='ltr'><strong>l</strong></span> <span class='ocrx_word' id='word_1_324' title='bbox 874 4281 937 4338; x_wconf 81' lang='lat' dir='ltr'><strong>pag.</strong></span> <span class='ocrx_word' id='word_1_325' title='bbox 956 4269 1044 4338; x_wconf 76' lang='lat' dir='ltr'><strong>lsqq-</strong></span> 
     </span>
    </p>
   </div>
   <div class='ocr_carea' id='block_1_4' title="bbox 0 0 1519 4884">
    <p class='ocr_par' dir='ltr' id='par_1_4' title="bbox 0 0 1519 4884">
     <span class='ocr_line' id='line_1_38' title="bbox 0 0 1519 4884; baseline 0 0"><span class='ocrx_word' id='word_1_326' title='bbox 0 0 1519 4884; x_wconf 95' lang='lat' dir='ltr'><strong> </strong></span> 
     </span>
    </p>
   </div>
  </div>
 </body>
</html>
