3034 4896
722 304 936 368 ,58-

418 502 449 558 ct
470 493 599 576 ccptbnt
619 515 728 558 senene
750 502 781 558 et
796 501 916 576 puncto
940 502 1076 576 tempore
1099 494 1243 570 reddant,

417 605 453 660 ut
473 617 582 660 accone
604 598 727 681 rccfcrre
749 596 855 660 eadere
872 595 1050 678 pnbzcrdia
1071 617 1177 660 rerum

419 721 488 762 cum
511 697 622 784 quobus
644 705 675 762 ct
697 697 789 783 quali
803 699 951 782 posituro
973 699 1191 764 conteneantur

418 810 449 866 et
471 823 545 886 quoe
566 800 650 865 inter
671 821 704 864 ee
725 801 801 865 dent
821 809 922 865 motae
944 801 1171 887 accipiantque.

262 907 331 971 Hoc
352 903 438 971 enim
460 903 530 970 loco
552 904 713 988 pertinent
727 903 826 970 verbu
844 905 967 989 reJ‘eree
982 905 1089 968 ecdem
1097 905 1277 988 pnnwrdeb
1291 928 1399 971 reram

264 1031 333 1073 cum
344 1008 456 1094 quibas
466 1016 498 1072 ct
508 1007 598 1092 quali
603 1006 749 1090 posituro
759 1008 978 1072 contineantur
989 1007 1031 1073 ad
1039 1016 1075 1072 ut
1086 1029 1191 1073 omncs
1204 1031 1254 1074 res
1269 1033 1400 1075 conon-

264 1113 468 1197 tontfcrmoe
482 1119 661 1194 mutentque
676 1109 807 1188 coloreo,
820 1117 853 1177 et
864 1110 964 1177 verbo
978 1133 1055 1196 quoe
1069 1111 1152 1176 inter
1166 1135 1199 1176 ec
1210 1113 1285 1178 dent
1294 1123 1398 1179 motus

263 1214 479 1299 accipiantque
501 1211 543 1278 ad
565 1220 601 1278 nt
622 1213 751 1295 capiam
763 1234 872 1277 oeneus
887 1220 918 1277 et
926 1222 1045 1296 puncto
1063 1223 1199 1298 tempore
1213 1215 1395 1300 redderet).

262 1317 305 1383 lis
328 1317 438 1400 igitur,
463 1334 542 1399 qnos
563 1315 648 1382 inter
669 1335 704 1382 se
726 1315 838 1382 eadem
860 1316 1035 1402 primordie
1056 1316 1132 1383 dent
1160 1317 1394 1404 accipientque,

265 1420 402 1486 motibus
431 1419 632 1486 continentur
653 1437 779 1485 sensus.
826 1419 869 1485 At
896 1419 931 1485 in
959 1419 1261 1501 versibns1,820.
1290 1427 1303 1486 1
1338 1423 1401 1490 mi-

263 1523 347 1589 nime
370 1522 404 1588 fn
426 1520 597 1587 discrimen
620 1541 730 1588 earum
753 1540 871 1600 rernm,
895 1540 978 1604 quae
994 1522 1141 1589 sensibus
1158 1523 1305 1608 praedita
1320 1526 1397 1610 sint,

264 1647 348 1709 quae
371 1646 434 1691 non
457 1625 522 1691 sint
543 1624 698 1709 praedita.
745 1626 859 1708 Itaque
888 1624 917 1690 si
940 1625 974 1690 hi
996 1645 1108 1692 versus
1130 1634 1263 1712 utroque
1285 1629 1357 1696 loeo
1380 1652 1400 1695 a

264 1737 359 1816 poeta
382 1729 491 1813 scripti
515 1734 639 1809 essent,
664 1726 699 1792 in
721 1727 801 1793 libro
824 1726 963 1794 secundo
985 1728 1031 1794 ite
1053 1729 1180 1814 repetiti
1210 1739 1338 1810 essent,
1365 1740 1401 1800 nt

264 1832 484 1899 multominus
500 1831 564 1896 late
579 1837 725 1916 peterent
746 1849 842 1913 qnam
864 1831 898 1896 in
920 1830 1033 1916 primo,
1059 1832 1145 1916 qnod
1167 1832 1245 1898 mibi
1268 1833 1399 1917 quidem

264 1936 351 2001 nullo
373 1933 467 2000 modo
489 1931 593 2018 accipi
608 1952 703 2018 posse
725 1931 861 1998 ridetur.
910 1933 945 2001 Si
968 1934 1053 1999 enim
1069 1934 1198 2002 omnino
1213 1935 1400 2004 iterationes

264 2039 303 2103 ab
326 2057 364 2103 eo
387 2036 489 2102 iactas
512 2053 583 2102 esse
605 2041 766 2120 putamus,
789 2034 824 2100 in
846 2035 894 2101 eis
915 2036 1033 2120 ubique
1048 2055 1163 2104 sensus
1179 2037 1286 2106 inesse
1300 2039 1400 2106 debet

262 2141 360 2207 idem.

350 2242 555 2329 Quapropter
576 2261 648 2308 meo
669 2240 738 2308 iure
766 2241 959 2310 contendere
981 2244 1092 2311 videor
1120 2265 1233 2312 versus
1256 2247 1398 2310 Sti-9

264 2369 336 2417 esse
359 2350 400 2415 eb
422 2346 651 2431 interpolatore
671 2345 813 2412 iteratos.
839 2381 882 2394 -

349 2451 491 2517 Facilius
513 2448 704 2535 perspicitur
725 2446 855 2516 eosdem
876 2469 989 2517 versus
1010 2451 1043 2517 in
1060 2450 1200 2518 secundo
1214 2452 1297 2517 libro
1312 2452 1398 2517 male

262 2556 393 2622 iteratos
415 2573 504 2622 esse:

717 2655 766 2735 H,
784 2660 932 2721 Ι760-2.

236 2825 238 2830 .
264 2761 389 2828 Etenim
412 2759 452 2826 de
475 2759 615 2824 Lucretii
636 2758 797 2825 sententie
818 2757 860 2823 nd
889 2759 1012 2824 colores
1034 2758 1206 2825 variandos
1236 2779 1299 2825 non
1330 2780 1398 2827 mo-

263 2871 351 2929 tuum
374 2859 615 2949 primordiorum
638 2861 769 2938 referre,
794 2859 851 2927 sed
875 2860 995 2928 formae
1018 2867 1050 2926 et
1072 2859 1193 2928 ordinis
1211 2881 1334 2940 eorum,
1358 2883 1398 2929 ex

263 2967 343 3052 ipsis
366 2967 435 3033 eins
459 2964 566 3032 verbis
594 2965 740 3046 (sto-6)
769 2964 885 3029 elucet.
932 2962 1025 3042 Quod
1048 2971 1156 3029 autem
1172 2963 1398 3030 Lachmannus

264 3091 347 3147 eam,
373 3088 468 3152 quum
492 3065 619 3133 codices
635 3065 830 3148 antiquiores
845 3066 1012 3150 praebent,
1037 3064 1204 3134 lectionem
1216 3077 1394 3149 practerea,

264 3179 299 3237 nt
315 3170 480 3238 enuntiata
494 3177 580 3235 recte
594 3167 677 3233 inter
693 3187 728 3233 se
743 3165 960 3248 cohaererent,
986 3187 1055 3234 cnm
1072 3167 1164 3234 italis
1179 3167 1212 3233 in
1227 3178 1398 3254 propterea

265 3281 387 3340 mutare
410 3278 537 3339 coactus
560 3279 644 3351 erat,
678 3270 753 3336 inde
783 3289 875 3337 meae
903 3269 945 3337 de
974 3271 1025 3336 bie
1050 3271 1195 3337 versibus
1218 3275 1397 3339 sententiae

336 3450 353 3510 ¹)
373 3445 406 3499 ln
423 3444 545 3500 motibus
563 3444 774 3513 primordiorum
794 3442 877 3498 sitnm
896 3449 948 3507 eet,
969 3458 1034 3498 num
1051 3445 1213 3514 complexus
1226 3460 1321 3500 eornm
1335 3462 1398 3501 sen-

264 3551 312 3588 ens
325 3535 343 3588 i.
358 3549 383 3587 e.
400 3527 608 3585 »animalieches
620 3529 727 3585 Leben«
744 3529 893 3599 accipiant,
914 3529 998 3599 idque
1015 3530 1065 3594 ite,
1086 3537 1133 3594 ut,
1154 3528 1177 3585 si
1196 3537 1290 3586 motus
1308 3533 1396 3587 minus

264 3620 323 3688 apti
352 3623 430 3682 eunt,
458 3615 590 3671 continuo
615 3631 664 3670 eos
687 3617 825 3671 amittunt.
864 3613 962 3684 Neque
989 3615 1077 3680 enim,
1106 3622 1139 3671 ut
1162 3615 1314 3685 Briegerus
1337 3619 1397 3673 vult
1490 3633 1491 3642 ³

267 3702 412 3771 (Philolog.
433 3699 523 3766 XXV,
542 3701 595 3764 89),
616 3701 652 3755 de
669 3699 898 3769 perceptionibus
915 3701 999 3754 enimi
1024 3715 1114 3755 sermo
1132 3707 1190 3756 eet:
1217 3703 1294 3771 quod
1312 3703 1338 3758 ei
1354 3701 1397 3756 in·

265 3789 438 3858 tellegumns
459 3785 526 3857 quid
545 3787 582 3841 sit
599 3801 711 3842 »sensns
723 3785 867 3848 reddere«,
888 3785 964 3841 nullo
982 3786 1065 3840 modo
1082 3785 1199 3842 dicetur.
1237 3785 1299 3842 Hoc
1317 3787 1397 3843 modo

264 3875 345 3930 simui
364 3874 402 3940 id,
422 3873 499 3943 quod
517 3873 545 3928 in
563 3872 696 3943 proximis
715 3871 841 3940 legimns,

452 3959 490 4024 ll,
513 3961 574 4011 1011
691 3959 761 4028 quod
777 3956 805 4010 t'n
822 3955 958 4010 encomia
967 3957 1085 4027 fluitare
1103 3957 1219 4012 uidemus

596 4043 671 4097 reduc
690 4049 714 4097 et
732 4043 864 4097 interdum
883 4041 961 4097 nurci
975 4041 1110 4113 actoque
1123 4043 1217 4112 per-irc

265 4134 368 4188 clerum
388 4131 427 4186 fit.
464 4129 534 4185 Num
554 4129 639 4186 rerba
657 4130 685 4182 in
703 4129 812 4182 ammo
820 4129 937 4200 fluitare
956 4129 1031 4182 rebus
1048 4128 1190 4197 pertinent
1205 4127 1396 4184 adiormnset

265 4220 382 4284 colores,
403 4215 490 4272 verbs
508 4215 639 4269 interdum
658 4215 734 4269 nocui
748 4213 881 4285 subitoque
893 4215 982 4286 per't're
999 4214 1148 4270 adsensus
1164 4211 1222 4278 (cir.
1239 4215 1394 4280 ess-uon.

1484 4657 1487 4856 t
