3048 4898
528 405 571 415 -
618 356 691 451 [ue]
740 407 779 415 -
1184 365 1226 427 τε

107 561 158 638 Qua
182 559 222 624 de
252 561 422 626 lectionum
449 561 661 644 discrepantia
683 561 838 643 Bergkius
865 561 911 624 ite
938 561 1071 637 iudicat,
1097 567 1134 624 ut
1158 559 1226 624 bre-

106 668 237 732 viatorem
266 669 423 733 distichon
448 673 480 732 et
503 668 553 732 39.
573 669 618 732 40
646 674 678 732 et
709 667 910 733 1081.1082
937 687 975 730 ex
1002 666 1146 750 pluribus
1174 666 1228 730 de-

106 775 255 858 sumpsisse
288 781 320 839 st
357 777 388 838 in
424 781 530 840 artum
565 775 724 858 redegisse
756 775 904 850 coniciet3
942 779 1110 855 utrumque
1146 773 1228 836 euim

107 887 318 962 pentametrum
349 880 543 964 Theognidis
576 902 643 946 esse
675 879 846 946 contendit.
906 879 1026 962 ltaque'
1049 880 1132 944 heure
1162 877 1229 943 fere

106 987 183 1053 lutae
206 988 339 1053 sormam
361 988 596 1071 Theognideam
619 993 738 1052 censet:

201 1108 318 1198 Κύρνε,
342 1105 415 1175 xta
437 1106 535 1187 πόλις
557 1101 626 1196 dds,
651 1110 785 1177 δέδοικα
809 1110 844 1175 δὲ
867 1102 911 1198 μὴ
934 1109 1013 1194 τέκγγ
1037 1103 1142 1194 ἄνδρα

242 1211 412 1304 ὑβριστήν,
434 1220 577 1304 χαλεπῆς
599 1209 746 1304 ἡγεμόνα
769 1212 911 1294 στάσιος.

106 1345 275 1426 ‚optimates
307 1351 413 1407 tamen
444 1340 505 1407 hoc
536 1343 653 1406 melum
666 1363 738 1434 *sue
763 1342 913 1425 superbia
939 1341 1113 1408 commeriti
1141 1341 1231 1416 sunt’,

106 1449 188 1532 (uuus
209 1450 373 1514 minimum
396 1447 579 1514 hexameter
601 1447 733 1536 excidit)

244 1566 437 1658 εόθνντῆρα
459 1579 563 1655 κακῆς
586 1563 699 1658 όβριας
721 1564 886 1660 ἡμετέρης.

204 1671 298 1744 ἀστοὶ
320 1679 382 1764 μὲν
404 1670 466 1763 γὰρ
491 1670 552 1744 ἔθ’
576 1676 659 1744 ol'de
684 1674 881 1764 σαόφρανες,
904 1671 1061 1766 ἡγεμόνες
1086 1679 1121 1744 dt

245 1781 450 1871 τετράφαται
471 1778 601 1873 πολλὴν
625 1785 658 1863 ἐς
681 1781 851 1874 κακότητα
873 1800 997 1852 πεσεῖν.

110 1909 181 1974 llaec
205 1933 224 1975 a
250 1911 388 1994 Bergkio
415 1912 578 1995 proposita
604 1910 632 1976 si
658 1910 719 1976 tibi
746 1911 935 1996 probentur,
968 1907 1038 1976 ollis
1067 1910 1233 1975 lectionem

108 2037 159 2080 uua
179 2038 245 2082 cum
269 2018 475 2083 antecedente
499 2017 682 2083 hexametro
706 2025 791 2083 recte
815 2025 971 2083 seruatam
995 2039 1062 2082 esse
1081 2037 1101 2081 e
1117 2015 1233 2101 prioris

108 2123 231 2205 syllegae
262 2131 391 2190 auctore
420 2145 555 2190 censeas.
612 2123 730 2191 Contra
757 2126 784 2189 si
812 2147 881 2190 cum
909 2123 1087 2208 Hartungio
1116 2118 1187 2189 ἔασι
1215 2145 1234 2188 a

107 2229 274 2314 theognide
311 2231 462 2314 scriptum
494 2253 561 2296 esse
594 2233 821 2310 existimamus,
853 2230 1049 2315 probabilius
1081 2238 1129 2297 est
1160 2238 1234 2296 ante

107 2333 308 2401 hexametrum
345 2330 441 2402 α’στοὶ
476 2337 538 2422 μὶν
572 2329 635 2423 γὰρ
673 2333 743 2404 ἔασι
777 2333 977 2423 σαόφρονες,
1009 2330 1166 2426 ἡγεμόνες
1199 2336 1234 2402 δὲ

107 2442 250 2508 exstitisse
269 2465 342 2508 eum
358 2451 599 2527 pentametrum,
618 2446 671 2529 qui
689 2447 723 2509 in
741 2446 915 2530 posteriore
934 2445 1054 2530 sylloge
1072 2446 1113 2529 (u.
1135 2445 1234 2529 1082)

106 2554 233 2615 servatus
265 2559 326 2627 est,
358 2557 394 2614 ut
426 2551 478 2617 hic
509 2551 575 2616 sere
608 2554 835 2617 sententiarum
868 2572 1003 2617 conexus
1030 2557 1063 2616 et
1089 2571 1235 2616 uersuum

106 2655 173 2720 ordo
194 2659 276 2740 apud
301 2657 514 2742 Theognidem
539 2658 647 2723 fuerit:

185 2777 303 2866 Κύρνε,
325 2778 399 2847 κύει
421 2779 518 2859 πόλις
540 2773 609 2868 ἥδε,
633 2781 768 2847 όέόαικα
792 2781 828 2846 δὲ
851 2774 895 2867 μὴ
918 2781 997 2866 τέκῃ
1021 2775 1128 2869 ἄνδρα

227 2879 420 2976 εόθυντῆρα
443 2896 547 2976 κακῆς
570 2880 682 2976 ὕβριος
705 2880 870 2975 ἡμετέρης.

113 3007 219 3076 Nostra
240 3014 325 3078 enim
349 3011 498 3098 superbia
521 3011 684 3090 efficietur,
707 3019 742 3076 ut
764 3018 933 3096 tyrannum
956 3011 1182 3078 nanciscamur'

226 3128 396 3223 ὑβριστήν,
417 3141 561 3223 χαλεπῆς
583 3130 729 3224 ἡγεμόνα
753 3133 895 3214 στάσιος,

187 3234 279 3310 ἀστοὶ
301 3235 448 3330 μὲνγὰρ
472 3240 556 3309 ἔασι
580 3241 767 3329 σαόφρονες
790 3248 858 3309 κτλ.

108 3363 212 3432 Forma
241 3375 349 3434 sutem
376 3363 461 3444 ἔασι,
492 3389 681 3452 quamquem
714 3369 793 3432 elias
820 3369 905 3451 apud
933 3367 1149 3451 Theognidem
1175 3388 1237 3432 non

108 3468 223 3554 legitur,
240 3475 324 3558 apud
343 3473 515 3540 Homerum
533 3477 662 3563 saepius¹
677 3475 821 3550 occurrit
840 3474 1010 3559 eademque
1029 3474 1114 3558 apud
1131 3474 1238 3540 Xeno-

110 3575 231 3656 phanem
248 3584 375 3664 potitam
395 3582 568 3664 elegiacum
585 3580 654 3666 (cfr.
673 3580 781 3681 PLGr.
800 3603 829 3664 p.
839 3581 905 3645 480
923 3581 956 3646 in
975 3579 1086 3665 fragm.
1101 3580 1184 3666 VII).
1195 3619 1239 3630 -—

188 3703 355 3769 Videamus
378 3725 481 3788 porro,
505 3706 582 3788 quid
606 3708 645 3771 de
669 3705 729 3771 hoc
752 3705 888 3771 disticho
911 3706 1018 3789 inepto

152 3827 228 3892 1161
254 3819 383 3894 Οόόένα
407 3821 582 3917 θησαυρόν
605 3830 743 3895 παισὶν
766 3824 1013 3915 καταθήσειν
1037 3823 1188 3913 ἄμεινον·

154 3933 230 3998 1162
297 3934 480 4001 αἰτοῦσιν
504 3928 685 4020 δ’όγαθοῑς
709 3927 859 4020 α’νδρόσι,
883 3931 1005 4020 Κόρνε,
1030 3936 1155 4001 didon·

113 4051 298 4124 iudicandum
322 4060 373 4136 sit,
396 4060 480 4142 quod
504 4061 535 4124 in
559 4061 665 4144 priore
687 4060 808 4144 sylloge
831 4061 877 4124 ita
900 4067 1057 4125 seruatum
1080 4067 1141 4126 est:

152 4181 211 4245 409
235 4175 362 4248 Οόόένα
385 4175 559 4270 θησαυρόν
582 4183 745 4272 casello]
770 4180 989 4271 καταθήσει
1013 4175 1138 4268 όμείναν

152 4285 212 4352 410
274 4289 425 4369 αἰδοῦς,
446 4280 468 4376 ἥ
490 4283 521 4354 τ’
544 4284 685 4375 ἀγαθαῖς
709 4283 859 4376 όνόρόσι,
882 4283 996 4375 Κόρν’,
1019 4286 1162 4356 ἕπεται.

116 4387 174 4455 lam
190 4397 357 4481 antiquitus
375 4397 468 4462 huius
486 4400 660 4463 sententiae
678 4398 844 4463 lectionem
863 4399 1014 4462 incertam
1029 4397 1126 4462 luisse
1145 4401 1239 4482 atque
