3008 4884
563 443 565 446 -
643 406 727 487 [rso]
912 451 918 456 .
1195 403 1254 464 ron

118 593 160 656 aa't
183 593 338 676 populum
362 595 565 678 frumentum
592 593 735 677 accepere
763 615 805 657 au
832 615 895 656 non
924 591 1075 676 accepere,
1105 613 1183 676 quae
1205 591 1290 689 in·

117 695 278 760 commoda
299 704 373 760 suunt
393 695 426 758 in
448 696 611 776 alterare,
637 718 742 762 seuere
758 703 846 760 curet
861 717 1052 762 entunerure.
1092 694 1146 760 Sic
1161 693 1254 778 Kay-

116 818 209 890 serus
232 797 265 864 in
287 799 381 864 Corn.
407 798 459 866 ed.
484 799 656 884 peculiari,
682 798 766 865 idern
791 820 848 885 pro
877 821 981 882 seuere
1009 797 1042 863 iu
1072 795 1253 882 appendice

117 901 261 968 eiusdem
284 901 435 970 editionis
461 903 610 990 proponit
633 925 718 977 veru
746 902 779 969 in
802 901 978 969 novissima
999 899 1160 968 Cornificii
1182 898 1252 966 edi-

118 1006 204 1071 tione
226 1013 354 1072 seeutns
377 1005 540 1072 secundae
569 1012 602 1072 et
632 1006 746 1074 tertiae
774 1005 917 1072 familiae
947 1004 1072 1072 oodiees
1102 1002 1192 1069 dedit
1220 1002 1253 1066 in

117 1110 220 1174 ultera
241 1133 287 1186 re,
312 1124 397 1174 curm
418 1131 611 1174 enumerare.
651 1110 756 1194 Atque
771 1109 961 1194 optimorum
976 1107 1120 1175 codicum
1140 1105 1252 1174 leutio-

118 1231 176 1278 nes
206 1211 267 1278 bae
296 1219 387 1280 suut:
420 1212 520 1278 alteru
547 1235 656 1278 seuera
677 1222 765 1278 curet
785 1220 942 1278 enumeret
972 1211 1059 1297 bopl,
1087 1210 1150 1276 rrk¹
1182 1208 1252 1290 (nisi

118 1315 203 1398 qnod
221 1315 256 1381 k¹
280 1317 417 1399 reuera),
441 1315 576 1381 atteram
597 1337 664 1382 rem
686 1337 762 1381 uera
784 1324 872 1408 oraret
894 1321 1051 1382 enumeret
1075 1314 1123 1392 k2,
1149 1314 1253 1378 ultera

120 1441 247 1513 regor-a
261 1428 349 1484 caret
363 1441 545 1484 enumerare
564 1445 601 1502 μ.
648 1420 787 1485 Primum
811 1419 909 1504 igitur
925 1417 1010 1501 quod
1025 1416 1118 1484 codd.
1140 1415 1217 1500 hepl
1227 1439 1253 1478 n

121 1523 273 1606 praebent
301 1523 404 1586 ultera
430 1545 462 1587 se
488 1573 494 1585 .
516 1571 523 1583 .
546 1574 552 1588 .
578 1523 612 1589 id
641 1522 725 1589 falso
754 1523 907 1606 seriptum
938 1539 1011 1590 ease
1040 1520 1167 1586 videtur
1195 1539 1252 1604 pro

119 1627 221 1690 attera
250 1649 294 1705 re,
331 1625 417 1709 quod
448 1627 518 1692 rell.
550 1645 662 1693 omnes
695 1627 853 1712 praebent
886 1624 998 1705 uodd.;
1035 1624 1067 1689 iu
1096 1622 1253 1707 scriptura

120 1729 204 1794 enirn
220 1750 315 1811 quum
332 1737 448 1796 venant
464 1729 708 1814 Langobardioa
722 1727 876 1796 facillime
895 1728 1018 1794 litteras
1040 1752 1055 1792 s
1078 1733 1110 1794 et
1131 1749 1149 1791 r
1171 1725 1254 1790 inter

120 1851 155 1896 se
190 1831 377 1898 oomrnntari
412 1839 537 1899 eonstat
565 1833 614 1916 (el.
642 1854 670 1900 e.
696 1855 728 1917 g.
755 1833 897 1918 Spengel
919 1831 980 1896 Rh.
1006 1831 1049 1898 ll.
1074 1831 1151 1896 XVI
1173 1848 1249 1913 pag.

120 1938 206 2018 413).
255 1933 380 2002 Deinde
409 1935 450 2002 ab
481 1935 671 2020 optimorum
701 1935 843 2002 eodioorn
870 1935 1008 2002 leetione
1035 1957 1144 2000 souma
1166 1940 1254 1996 curet

119 2046 276 2102 enumeret
296 2038 563 2124 progrediendum
587 2046 645 2120 est,
680 2059 743 2106 uon
771 2059 844 2105 oum
867 2039 1014 2124 Kaysero
1041 2037 1084 2104 ad
1114 2035 1253 2102 deterio-

121 2159 189 2204 rum
211 2139 353 2207 oodieuur
377 2140 472 2208 fidem
495 2141 697 2208 scribendum
720 2151 808 2207 curet
828 2162 1025 2220 enumerem
1063 2140 1159 2207 immo
1182 2159 1253 2206 eor-

121 2250 245 2328 ruptum
274 2244 401 2311 videtur
428 2255 525 2310 curet.
579 2245 768 2330 Soripseriru
798 2247 980 2328 dobmate),
1018 2244 1104 2327 qnod
1135 2242 1252 2309 adver-

120 2347 206 2412 bium
235 2348 353 2433 optime
383 2348 425 2416 ad
448 2349 545 2416 totius
574 2349 770 2434 pronuntiati
800 2368 930 2416 sonsum
959 2347 1106 2432 quadrat.
1153 2347 1190 2412 ln
1212 2344 1252 2412 iis

120 2457 225 2516 auteur
253 2471 337 2534 quae
367 2458 490 2519 restant
519 2453 620 2519 tribus
648 2453 764 2520 litteris
786 2475 843 2520 uer
871 2453 972 2520 latore
1001 2450 1138 2532 videtur,
1168 2448 1253 2534 quod

119 2554 182 2618 iarn
198 2555 365 2639 Kayserus
387 2556 562 2640 perspexit,
588 2555 777 2622 adverbium
799 2580 881 2634 vere,
906 2562 940 2622 nt
961 2554 1072 2622 addita
1094 2553 1254 2640 particula

119 2657 302 2742 copulativa
325 2660 377 2725 vel
400 2668 430 2724 et
451 2661 503 2726 vel
525 2660 631 2744 potius
654 2669 760 2745 atque,
787 2681 870 2745 qnae
893 2667 967 2726 aute
989 2667 1134 2724 accurate
1156 2656 1252 2722 facile

119 2761 309 2828 intercidere
332 2763 444 2847 potuit,
471 2763 568 2830 totins
591 2763 653 2830 loni
676 2764 770 2830 lectio
793 2763 874 2830 bueo
898 2762 964 2829 tere
987 2761 1045 2828 sit:
1073 2783 1153 2846 quae
1168 2783 1252 2826 com-

118 2865 210 2928 moda
231 2874 305 2928 sunt
326 2865 360 2930 in
374 2867 477 2930 alteru
499 2890 544 2948 re,
571 2867 647 2946 uerte
669 2871 769 2951 utque)
790 2867 961 2950 deburade)
983 2872 1150 2930 enumeret.
1186 2864 1251 2929 Re-

119 2965 277 3050 spondent
299 2974 406 3034 autem
433 2967 513 3036 haee
535 2969 598 3036 duo
627 2969 782 3038 adverbia
811 2969 853 3036 iis
880 2989 964 3052 quae
992 2973 1143 3036 seeuntur
1172 2965 1252 3032 duo-

119 3069 180 3136 bus
209 3069 361 3137 membris
391 3081 447 3136 aut
479 3111 515 3122 -
547 3084 613 3138 anu.
668 3075 764 3140 Error
781 3073 869 3140 inde
896 3072 1021 3140 videtur
1048 3077 1137 3138 onus
1165 3089 1249 3150 esse,

119 3173 203 3255 qnod
232 3173 266 3238 iu
296 3173 406 3242 eodioe
435 3175 613 3262 archetypo
641 3177 764 3260 aliquot
785 3177 912 3244 litterae
940 3174 1166 3242 intereiderent
1194 3172 1253 3238 boo

120 3276 187 3343 lere
210 3276 319 3342 modo:

175 3379 488 3448 ALTERAREVER
514 3432 634 3446 .....
660 3384 719 3448 A.
747 3383 901 3466 CVRtA'ff
927 3431 933 3446 .
960 3379 1195 3446 ENVMERET

204 3481 307 3548 Simili
334 3484 456 3549 ratione
486 3483 519 3549 in
551 3484 621 3552 looo
651 3505 691 3550 ex
721 3491 833 3568 quarto
863 3485 944 3551 libro
974 3484 1164 3570 deprompto
1192 3482 1254 3547 nli-

118 3591 195 3667 qnot
217 3585 342 3651 litterae
364 3586 608 3653 interciderunt:
642 3589 698 3669 IV,
720 3591 769 3670 18,
789 3593 829 3651 25
852 3611 925 3653 nam
948 3610 1037 3672 quem
1059 3587 1092 3652 in
1114 3584 1254 3650 umimtiu

115 3687 318 3771 perfidiosum
341 3691 533 3774 nopnooertb,
558 3713 626 3755 enm
649 3715 710 3776 qna
732 3715 766 3758 re
782 3701 878 3775 putes
901 3690 1080 3756 inimicitias
1102 3712 1171 3753 cum
1180 3687 1253 3772 fido

120 3799 223 3855 terrere
246 3795 367 3875 posse?
411 3795 449 3859 ln
478 3793 641 3860 oodioibus
670 3813 743 3876 oum
773 3796 922 3878 legantur
955 3793 1054 3862 haee:
1093 3814 1163 3856 cum
1180 3791 1253 3876 fide

120 3917 243 3977 repense
266 3896 330 3980 p¹f‚
368 3918 438 3962 eum
453 3896 526 3980 fide
548 3918 709 3980 reposcere
739 3901 785 3982 p2,
822 3897 975 3982 confidere
999 3917 1094 3978 posse
1116 3895 1149 3976 h,
1185 3891 1254 3958 oum

112 3997 177 4076 fide
200 4007 303 4064 tenere
314 4021 407 4082 posse
421 4005 483 4083 gri,
507 4003 569 4081 ¹ou,
589 4023 626 4086 φ,
653 4022 723 4064 enm
731 4000 805 4084 fide
828 3999 962 4064 retinere
980 4021 1073 4083 posse
1095 4019 1158 4081 eo,
1184 4021 1254 4062 cum

102 4103 177 4186 fide
199 4101 313 4166 hecbere
331 4124 425 4184 posse
448 4103 517 4170 rell.
550 4105 705 4189 (p2aopl),
742 4103 796 4170 vix
819 4111 869 4170 est
891 4103 1022 4170 dubium
1044 4102 1122 4185 quin
1144 4102 1177 4167 in
1200 4122 1255 4168 eo—

117 4203 188 4270 diee
210 4203 383 4290 archetypo
414 4206 534 4290 scripta
564 4206 682 4273 luerint
712 4206 809 4273 haee:
844 4204 1036 4272 CVMFIDE
1062 4253 1068 4266 .
1090 4251 1097 4268 .
1119 4253 1125 4266 .
1147 4253 1154 4267 .
1180 4204 1253 4270 ΒΕ-

117 4306 258 4390 POSSE,
288 4307 333 4376 ita
355 4315 391 4374 ut
412 4308 496 4376 inter·
504 4309 577 4394 fide
600 4316 632 4376 et
653 4332 688 4374 re
710 4310 827 4377 launna
848 4316 935 4378 esset
957 4313 1107 4393 quattuor
1128 4307 1251 4375 littera-
