2998 4896
530 425 564 434 -
613 387 711 472 [noe]
758 425 800 435 -
1188 387 1231 452 on

90 585 252 646 contextus
280 581 400 657 uerbis,
427 582 484 690 apri
511 572 553 644 τὰ
580 577 713 658 τούτοις
737 579 1041 647 ἐπακολουθοῦντα
1069 575 1158 670 πλὴν
1182 571 1232 646 ὦν

90 683 358 772 συναιμοσύμεθα
380 679 423 774 μὴ
446 699 557 753 ποιεῖν
576 686 788 755 circumscribi
811 709 938 754 uersum
963 689 1023 753 841
1051 681 1233 755 καὶπάνθ’

93 787 233 896 ὑπέχειν,
260 785 349 880 πλὴν
373 784 422 859 ὧν
446 791 603 872 σύνοιδεν,
625 787 644 882 ἡ
668 790 773 876 κύλιξ,
801 796 935 880 denique
958 795 1133 861 τουτέστιν
1157 813 1230 860 συν-

92 898 256 983 ουσιάζειν
279 923 395 966 nouum
420 902 749 986 interpretamentum,
776 904 860 986 quod
883 904 923 968 ad
948 903 1083 968 eundem
1104 925 1232 968 uersum

93 1009 146 1073 841
179 1009 348 1093 pertineat.
392 1007 477 1092 Ergo
501 1010 604 1086 deest,
631 1031 694 1092 quo
717 1031 888 1093 pronomen
912 1005 1046 1086 τούτοις
1068 1008 1233 1086 referatur,

92 1137 188 1199 neque
215 1115 348 1180 dubium
374 1116 511 1193 uidetur,
538 1117 613 1200 quin
641 1121 714 1199 post
740 1118 1025 1201 παραλογίζεσθαι
1053 1117 1086 1180 in
1113 1115 1233 1181 scholio

93 1222 197 1288 houna
225 1223 268 1288 sit
295 1222 465 1288 statuenda
492 1229 525 1288 et
556 1222 756 1288 interciderit
784 1223 953 1307 explicatio
979 1222 1150 1289 uerborum
1177 1223 1234 1286 καί

94 1334 197 1408 φιλεῖν
220 1331 277 1393 καὶ
299 1319 343 1416 pp}
367 1333 486 1410 φιλεῖν.

175 1435 214 1500 In
232 1460 259 1501 v.
282 1437 366 1502 1124
388 1435 505 1502 Suidae
523 1437 619 1502 lectio
642 1444 769 1520 μοῦσα
794 1428 827 1501 δ’
851 1432 958 1502 ἔνεστί
981 1458 1040 1518 μοι
1062 1437 1142 1502 adeo
1165 1437 1233 1520 pla-

94 1543 153 1606 cuit
175 1543 364 1626 Pors0n01)‚
391 1549 428 1607 ut
454 1550 563 1626 μοῦσα
587 1535 621 1607 δ’
644 1539 713 1608 ἔστι
736 1567 792 1627 μοι
816 1542 1023 1626 Aristophani
1048 1543 1233 1608 uindicaret.

95 1649 223 1714 Videtur
245 1655 352 1714 tamen
376 1649 456 1714 illud
478 1657 588 1733 μοῦσα
607 1672 645 1715 ex
667 1672 692 1715 v.
715 1651 799 1716 1127
823 1644 1040 1733 μεμούσωμαι
1062 1649 1235 1732 irrepsisse,

95 1758 275 1837 praesertim
299 1779 369 1821 cum
392 1761 523 1840 propter
540 1757 623 1821 hano
641 1757 742 1839 ipsam
760 1777 870 1822 uocem
888 1752 1105 1840 μεμούσωμαι
1123 1777 1234 1820 uersus

100 1863 315 1928 1124-1127
340 1885 360 1928 a
384 1861 482 1928 Soidn
505 1885 528 1928 s
548 1864 588 1945 gl.
612 1865 847 1950 Μουσωίλῆναι
871 1863 961 1928 citati
984 1863 1057 1928 sint
1104 1864 1234 1928 Accedit

96 1971 171 2053 quod
196 1971 357 2053 exemplis,
379 1991 461 2053 quac
483 1969 578 2036 affert
599 1969 804 2056 Reisigius²)‚
828 1970 962 2034 Aehern.
987 1969 1052 2033 556
1075 1977 1156 2046 νοῦς
1181 1961 1233 2053 ἄρ’

98 2067 166 2160 ὑμῖν
194 2070 256 2143 ούκ
286 2073 348 2152 ἕνα
380 2076 498 2142 Eccles.
528 2077 594 2142 850
621 2069 663 2165 ἦν
686 2069 720 2161 γ’
754 2075 896 2153 ἐκείναις
918 2081 998 2152 νοῦς
1022 2073 1095 2157 ἐνῇ,
1123 2075 1232 2159 Enrip.

99 2183 186 2248 Andr.
206 2185 272 2248 230
290 2175 394 2261 τέκν’,
418 2173 510 2259 ὅσοις
529 2179 636 2247 ἔνεστι
656 2190 751 2262 νοῦς,
774 2183 916 2248 eiusdem
939 2181 1069 2262 fabulae
1091 2183 1156 2246 668
1181 2182 1234 2246 σοὶ

99 2281 127 2350 δ’
149 2285 254 2354 ἔνεστι
277 2297 372 2369 νοῦς,
397 2289 522 2373 Hippol.
546 2290 612 2354 920
641 2283 728 2356 οίσιν
752 2281 815 2354 ούκ
839 2284 947 2354 ἔνεστι
971 2297 1065 2369 νοῦς,
1090 2287 1233 2372 Sophocl.

98 2393 206 2461 Electr.
227 2395 313 2460 1328
339 2403 418 2472 νοῦς
446 2392 575 2460 ἔνεστιν
603 2389 695 2473 ούτις
722 2389 800 2480 ύμῖν
829 2387 976 2482 ἐγγενὴς,
1003 2397 1051 2460 R¹⁵
1077 2396 1235 2478 scriptura

98 2509 172 2579 νοῦς
194 2495 227 2567 δ’
251 2498 360 2566 ἔνεστί
382 2525 440 2586 μοι
463 2501 674 2567 confirmatur.

181 2609 216 2672 1n
246 2633 273 2676 v.
306 2608 390 2674 1153
424 2603 576 2694 ἑταίρους
612 2609 742 2674 h'lorens
775 2608 973 2674 Christianus
1010 2631 1067 2692 pro
1101 2603 1235 2694 ἑτέρους

98 2711 140 2776 R¹³
159 2711 320 2798 flagitante
342 2723 444 2781 metro
468 2717 613 2782 correxit.

180 2822 214 2885 ln
238 2822 351 2886 eodem
369 2844 463 2888 uersu
483 2845 521 2887 ex
540 2821 657 2888 Suidac
677 2821 820 2887 codicum
839 2823 1004 2904 seripturis
1023 2819 1123 2910 ίππίρι
1142 2821 1235 2906 (AC),

92 2921 228 2998 ἱππείαν
243 2929 311 3014 (V),
335 2926 455 2994 ίππίαν
474 2929 558 3015 (BE)
578 2929 733 2994 Kusterus
747 2921 860 2993 Ἱππία
885 2929 1065 3011 genetiuum
1086 2929 1235 2993 Doricum

97 3055 187 3114 quem
215 3043 330 3102 uocant
364 3035 569 3120 Aristophani
601 3037 832 3101 restituendum
863 3036 990 3119 putauit
1021 3035 1136 3103 collato
1164 3033 1235 3098 Pac.

96 3139 168 3217 640,
195 3141 247 3206 ubi
273 3164 332 3226 pro
356 3143 527 3227 Βρασίδου
551 3143 693 3207 codicum
718 3141 1021 3225 Aristophanoorum
1045 3139 1159 3204 Suidas
1183 3159 1235 3202 ex·

97 3245 182 3311 bibet
209 3249 357 3332 Βρασίδα
384 3249 469 3332 quod
496 3249 618 3332 placuit
645 3249 822 3313 editoribus
850 3253 977 3331 praeter
1004 3246 1176 3329 Bergkium
1203 3249 1236 3308 et

96 3351 273 3420 Richtemm
281 3356 319 3441 ³).
365 3355 408 3420 At
431 3356 580 3438 quoniam
604 3355 675 3420 Pac.
695 3355 762 3419 640
785 3355 848 3420 duo
871 3361 996 3419 tantum
1019 3352 1141 3418 codices
1165 3351 1235 3415 Sui·

641 3479 659 3514 α

97 3531 169 3595 dani
194 3531 245 3598 VB
267 3533 429 3618 Βρασίδα,
452 3533 479 3596 Ε
503 3533 684 3618 Βρασίδου,
708 3533 762 3597 AC
785 3533 922 3616 optimae
946 3536 1041 3595 notae
1065 3529 1236 3614 Βρασίδου

97 3636 252 3714 exhibeat,
284 3641 316 3702 in
345 3639 506 3704 codicibus
535 3639 590 3704 VB
624 3660 700 3704 uero
733 3641 884 3724 Βρασίδα
917 3647 1045 3723 propter
1077 3630 1118 3700 τὰ
1151 3634 1236 3718 qnod

97 3745 236 3823 proxime
256 3746 418 3829 praecedit
440 3747 555 3810 uitiosa
574 3753 738 3810 exaratum
757 3767 824 3811 esse
843 3744 1045 3810 uerisimilius
1065 3753 1121 3818 est,
1145 3741 1235 3804 deni·

97 3871 155 3931 qne
177 3857 258 3914 teste
278 3852 485 3938 Kuehnero⁴)
508 3860 620 3935 poetae
644 3852 757 3936 tragici
780 3858 813 3917 et
835 3851 1066 3935 Aristophanes
1089 3849 1236 3932 genetiuo

168 4082 186 4144 ¹)
207 4081 242 4132 ad
259 4081 351 4151 Enrip.
372 4081 447 4136 Med.
468 4081 544 4136 tots.

165 4165 188 4232 ‘t
209 4168 336 4225 Coniectt.
356 4188 401 4240 pg.
421 4171 482 4224 249.

165 4255 361 4324 ’JDindortios
385 4258 414 4312 in
437 4274 521 4312 uersu
544 4257 604 4328 ipso
627 4259 754 4328 Βρασίδα
777 4259 880 4328 posuit,
905 4257 932 4311 in
954 4255 1176 4311 adnotationibus
1200 4255 1236 4310 ed

96 4345 175 4399 Pacis
194 4351 225 4398 et
245 4346 410 4415 Lysistratae
429 4363 525 4402 uersus
546 4348 690 4418 Βρασίδου
710 4349 835 4402 reuocari
853 4347 942 4402 iussit.

165 4435 186 4496 ⁴)
208 4433 322 4490 Gratum.
342 4439 440 4492 Graec.
461 4437 491 4489 1²
510 4453 555 4505 pg.
575 4437 636 4500 30⁴2,
657 4437 680 4490 t.

1059 4524 1076 4573 ί)
