3010 4896
258 336 302 400 40
704 375 746 386 -
792 337 866 422 [94]
913 376 954 385 -

257 533 409 598 iecturam
441 554 537 615 snpra
568 533 782 598 refutavimus.
828 532 939 616 Neque
971 534 1071 616 magis
1102 533 1142 596 ad
1175 533 1259 598 hunc
1285 530 1403 596 librum

257 627 415 723 quadrare
436 638 493 703 illa
510 639 602 705 nobis
621 640 753 705 videtur.
790 639 917 705 Etenim
938 638 1137 704 Niotzschius
1159 640 1200 704 ad
1223 637 1403 723 opinionem

257 767 346 811 suam
368 745 594 811 stabiliendam
616 748 649 811 iu
672 746 827 825 versibus,
850 747 883 810 in
906 747 1020 830 quibus
1043 745 1213 812 Simonidis
1232 745 1349 831 (1349)
1369 750 1404 808 et

258 851 352 936 Cyrni
363 853 481 940 (1354)
496 853 622 919 nomina
637 851 848 930 inveniuntur,
867 854 908 918 ab
922 852 977 919 illo
991 856 1070 938 ipso,
1088 853 1144 936 qui
1157 853 1198 918 de
1210 851 1405 936 Theognidis

257 959 359 1042 gloria
381 959 548 1025 detrahere
570 959 728 1038 voluisset,
750 981 809 1043 pro
831 961 913 1025 veris
937 982 1019 1042 quae
1037 959 1204 1025 infuissent
1222 957 1404 1024 nominibus

257 1065 372 1131 infesto
400 1067 530 1132 consilio
558 1067 638 1132 falsa
666 1067 722 1132 illa
744 1066 840 1151 Cyrni
863 1074 896 1132 et
918 1065 1087 1132 Simonidis
1114 1066 1308 1150 interpolata
1333 1085 1405 1130 esse

257 1172 397 1238 coniecit.
443 1171 502 1238 Cui
530 1175 720 1251 sententiae,
752 1175 812 1239 etsi
843 1174 1003 1257 plerisque
1030 1173 1105 1238 viris
1133 1172 1234 1238 doctis
1265 1172 1405 1256 probata

257 1287 313 1355 est,
336 1280 482 1362 equidem
504 1299 567 1345 uon
595 1281 719 1346 aeeedo.
765 1279 913 1364 Suspicor
940 1280 1023 1345 enim
1051 1279 1230 1358 librarium,
1253 1301 1323 1344 cum
1345 1279 1406 1344 illa

257 1384 353 1470 Cyrni
372 1384 613 1472 Simonidisque,
636 1409 716 1473 quae
739 1386 802 1452 iam
821 1388 854 1451 in
872 1386 1016 1452 distichis
1036 1387 1099 1452 illis
1117 1389 1251 1462 inerant,
1273 1387 1405 1450 nomina

257 1493 435 1570 invenisset,
458 1513 496 1557 ea
518 1493 588 1577 ipsa
609 1515 644 1560 re
667 1495 855 1577 perductum
878 1515 959 1571 esse,
983 1499 1019 1558 ut
1042 1494 1192 1578 syllogam
1216 1481 1359 1575 quamvis
1383 1515 1406 1558 a

120 1635 130 1658 .
257 1599 468 1682 Theognideis
499 1601 635 1666 alienam
667 1601 774 1665 statim
806 1600 908 1684 primo
939 1605 1144 1684 postponeret
1171 1601 1261 1666 libro.
1315 1599 1404 1664 Illud

244 1726 380 1790 ,quoque
398 1707 513 1771 mirum
536 1713 592 1782 est,
615 1707 699 1792 quod
722 1707 755 1770 in
777 1728 840 1772 uno
858 1706 964 1772 codice
983 1707 1156 1773 Mutinensi
1172 1708 1252 1773 haec
1270 1711 1405 1772 exarata

257 1819 305 1878 est
318 1813 446 1897 sylloga
474 1813 638 1879 Librarius
651 1813 750 1898 igitur
763 1813 818 1898 qui
830 1813 915 1880 huno
929 1807 1067 1880 codicem
1081 1812 1275 1896 conscripsit,
1292 1819 1403 1876 utrum

256 1919 289 1985 in
312 1919 419 1986 codice
441 1919 612 2005 archetypo
631 1920 829 1987 collectiones
853 1921 923 1986 illas
945 1921 1008 1986 iam
1031 1921 1213 1986 coniunctas
1235 1920 1403 1996 invenerit,

256 2049 296 2090 an
320 2027 388 2111 ipse
409 2027 529 2111 primus
553 2029 720 2106 consuerit,
744 2027 883 2094 difficilis
907 2011 958 2094 est
979 2028 1129 2112 quaestio.

345 2133 501 2199 Athenaei
524 2135 651 2219 quidem
675 2141 781 2200 aetate
803 2135 861 2200 sub
885 2134 1076 2218 Theognidis
1098 2135 1224 2199 nomine
1247 2133 1402 2218 eiusmodi

212 2281 215 2284 -
259 2239 477 2306 collectionem
496 2263 558 2306 non
578 2263 645 2307 esse
663 2242 877 2307 circumlatam
896 2243 962 2308 reri
976 2242 1077 2307 simile
1095 2248 1144 2308 est
1161 2241 1211 2306 vel
1228 2241 1307 2306 adeo
1326 2261 1404 2304 con-
1476 2259 1479 2264 ·

256 2354 329 2413 stat.
365 2347 474 2430 Neque
488 2349 589 2429 magis
603 2347 767 2425 Stobaeus
787 2371 857 2413 cum
872 2350 981 2433 quinto
996 2349 1120 2414 saeculo
1138 2347 1299 2425 scriberet,
1317 2347 1404 2412 hanc

256 2454 471 2519 collectionem
490 2447 547 2519 aut
565 2456 687 2521 novisse
705 2462 761 2521 aut
779 2463 852 2521 ante
872 2456 978 2522 oeulos
996 2457 1122 2521 videtur
1140 2454 1300 2520 habuisse:
1324 2475 1403 2519 same

256 2560 361 2626 nullus
384 2561 470 2627 locus
492 2581 612 2639 eorum,
640 2565 694 2646 qui
717 2563 750 2627 in
773 2562 874 2638 ‚Musa
896 2562 1020 2647 puerili'
1043 2569 1182 2638 exstant,
1204 2583 1224 2626 a
1246 2561 1403 2644 scriptore

256 2668 312 2733 illo
331 2668 363 2731 in
382 2666 570 2750 florilegium
588 2677 733 2754 receptus
752 2676 808 2735 cst
844 2670 881 2734 ln
901 2671 946 2735 eis
965 2670 1048 2734 enim
1066 2667 1269 2750 anthologiae
1287 2668 1402 2750 eapiti-

256 2775 323 2852 bus,
346 2795 426 2859 quae
449 2775 666 2841 mseribuntur
692 2775 794 2862 (Stob.
816 2775 883 2842 flor.
906 2777 966 2841 vol.
990 2776 1021 2841 ΙΙ
1044 2798 1074 2859 p.
1097 2775 1161 2842 368
1186 2775 1293 2860 Mein.)
1321 2775 1401 2858 περὶ

257 2873 449 2968 Ἀφροδίτης
480 2878 657 2969 πανδήμου
685 2878 891 2970 παρεχούσης
922 2875 984 2970 τὴν
1017 2881 1127 2948 αἰτίαν
1154 2889 1212 2968 τῆς
1239 2880 1402 2966 γενέσεως

256 3001 326 3066 τοῖς
350 2981 561 3074 ἀνθρώποις,
588 2991 646 3054 καὶ
668 2991 746 3075 περὶ
768 2983 911 3075 Ἔρωτος
937 2997 1008 3055 τῶν
1031 2981 1117 3055 κατὰ
1139 2982 1180 3055 τὸ
1205 2995 1298 3073 σῶμα
1320 2979 1401 3074 ἠδο-

256 3102 337 3176 νῶν,
360 3103 394 3161 et
416 3094 496 3183 (flor.
516 3095 548 3160 Il
569 3118 599 3180 p.
623 3096 703 3179 384)
731 3091 836 3180 ψόγος
871 3089 1070 3183 deponitur,
1102 3097 1159 3161 καὶ
1186 3086 1238 3161 ὅτι
1266 3097 1401 3177 φαῦλον

257 3194 396 3287 ὃἚρανς
418 3204 476 3268 καὶ
497 3198 617 3268 πόσων
641 3201 690 3289 εἴη
714 3210 830 3268 κακῶν
853 3195 999 3287 γεγονώς
1022 3202 1141 3282 αἴτιος,
1164 3203 1268 3266 nullus
1291 3222 1401 3266 versus

256 3308 448 3392 Theognidis
470 3310 597 3374 nomine
625 3309 792 3393 insignitus
820 3331 966 3376 exeussus
990 3316 1051 3386 est,
1078 3308 1219 3392 quamvis
1241 3308 1335 3404 bene,
1364 3314 1403 3371 ut

256 3415 316 3480 hoc
342 3415 484 3498 exemplo
511 3423 598 3492 utar,
624 3416 747 3492 ‚Musae
774 3417 920 3501 puerilis’
949 3417 1112 3482 exordium
1143 3405 1275 3498 Σχέτλι’
1297 3407 1402 3498 Ἔρως

202 3561 205 3570 ‹
256 3526 325 3587 κτλ.
350 3525 382 3585 in
405 3522 622 3588 collectionem
645 3522 867 3589 Stobaeeusem
886 3523 1080 3607 quadrassct.
1126 3522 1258 3586 Fontem
1276 3521 1401 3585 uberri-

256 3650 354 3706 mum,
377 3649 415 3694 ex
438 3650 500 3712 quo
523 3629 679 3708 hauriret,
702 3630 729 3695 si
752 3631 879 3713 quidem
902 3633 1048 3706 novisset,
1072 3651 1134 3694 nou
1158 3629 1399 3713 repudiaturum

256 3736 352 3801 fuisse
370 3733 517 3819 florilegii
540 3743 701 3802 auctorem
724 3737 815 3803 facile
838 3737 916 3802 mihi
939 3737 1097 3803 concedes.

345 3842 487 3925 Denique
501 3842 662 3909 videamus
680 3843 721 3908 de
734 3843 841 3922 Suida,
859 3845 913 3928 qui
932 3844 1035 3909 medio
1054 3843 1120 3908 lere
1138 3842 1262 3908 saeculo
1277 3841 1398 3907 decimo

257 3951 390 4014 lexicum
422 3949 610 4034 compilavit
664 3950 696 4016 Is
723 3951 779 4016 ubi
807 3953 846 4017 de
874 3951 1077 4036 Theognidea
1103 3952 1191 4034 poesi
1218 3951 1299 4032 agit,
1332 3950 1399 4032 ipse

257 4056 353 4122 fontis
375 4076 438 4139 quo
460 4056 612 4121 utebatur
634 4058 729 4123 verba
751 4060 873 4124 auxisse
896 4058 947 4123 his
970 4058 1073 4123 verbis
1098 4059 1241 4138 videtum
1263 4046 1316 4122 ὅτι
1338 4056 1399 4141 μὲν

256 4161 467 4247 παραινέσεις
490 4158 610 4247 ἔγραψε
638 4164 788 4251 Θέογνις·
818 4159 894 4230 ἀλλ’
917 4164 957 4230 ἐν
985 4164 1088 4250 μέσῳ
1116 4160 1272 4230 τούτων
1295 4185 1398 4249 παρε-

258 4269 440 4356 σπαρμέναι
476 4271 603 4357 proptor
635 4274 692 4337 καὶ
722 4273 875 4338 cardiaci
907 4268 1028 4358 ἔρωτες
1059 4273 1116 4336 καὶ
1149 4263 1246 4350 ἄλλα,
1283 4259 1348 4336 ὅσα
1381 4261 1398 4335 ὃ

257 4373 412 4464 ἐνάρετος
436 4372 682 4466 ἀποστρέφεται
704 4381 785 4461 βίος,
809 4401 888 4466 quae
911 4403 931 4446 a
953 4379 1052 4446 Suida
1074 4381 1144 4464 ipso
1166 4377 1309 4465 prosecta
1333 4399 1399 4445 esse
