2998 4896
686 374 726 384 -
775 335 870 418 [198]
922 372 957 381 -

431 527 672 612 ἐπικοκάστρια
696 529 729 606 C,

431 633 692 721 ἐπικοκκάστρια
715 629 736 721 ἢ
761 632 1020 718 ἐπικαγχάστρια
1044 635 1080 709 Α,

431 729 657 827 ἐπικακοστρᾶ
679 748 712 806 et
735 743 767 807 in
790 763 887 824 marg.
913 737 1150 824 ἐπικαχάστρια
1176 740 1211 814 V,

432 845 715 931 ἐπικουκούστρια
739 848 765 912 Β
789 847 825 924 Ε,

431 952 693 1040 ἑκικαγκάστρια
716 955 815 1021 Oxen.
839 959 920 1018 teste
945 953 1163 1035 Bernhardy03

248 1073 355 1130 tamen
382 1065 429 1128 R¹⁵
453 1065 609 1146 scriptura
636 1084 732 1144 quam
759 1061 897 1145 probant
926 1063 951 1123 Α
980 1059 1034 1146 (O)
1062 1059 1179 1124 Suidae
1211 1057 1335 1122 codices
1365 1065 1399 1120 et

250 1171 472 1255 Eustathius¹)
497 1161 612 1244 ἀοιδὸς
636 1163 898 1252 ἐπικοκκάστρια
921 1165 1130 1250 praeferenda
1153 1171 1210 1229 est.
1234 1202 1277 1210 —

339 1365 455 1448 Magna
474 1371 522 1429 est
541 1364 639 1447 igitur
659 1365 691 1428 in
710 1362 909 1428 recensendis
929 1361 1260 1445 Thesmophoriazusis
1279 1358 1400 1423 Suidae

249 1473 434 1546 auctoritem
470 1491 543 1534 nam
576 1476 609 1534 et
645 1469 717 1552 plus
749 1469 962 1552 quadraginta
997 1468 1074 1532 loeis
1111 1468 1196 1532 solus
1228 1464 1402 1548 genuinam

252 1576 472 1660 Aristophanis
495 1577 685 1658 scripturam
708 1575 857 1652 seruauit,
881 1582 913 1639 et
936 1574 1117 1657 saepissime
1139 1573 1187 1636 Ris
1209 1571 1402 1656 scripturam

250 1683 341 1748 fulcit
360 1689 391 1748 et
412 1680 587 1757 confirmat,
610 1683 744 1764 denique
768 1703 806 1746 ex
829 1682 906 1764 ipsis
926 1679 1043 1746 Suidae
1061 1681 1184 1744 mendis
1207 1679 1402 1762 ineptiisque

249 1791 302 1855 hic
325 1791 391 1854 illie
413 1789 534 1870 aliquid
553 1789 631 1853 lueis
651 1787 858 1871 Aristophani
880 1787 988 1852 afferri
1011 1787 1161 1860 uidimus3
1184 1785 1269 1868 quod
1289 1807 1402 1868 quam-

250 1885 345 1979 quam
372 1897 458 1972 uiros
486 1896 595 1958 doctos
622 1895 751 1958 minime
779 1893 875 1976 fugit,
903 1895 997 1956 imme
1026 1894 1207 1976 saepissime
1233 1891 1257 1954 ii
1285 1892 1402 1974 quiin

251 2002 374 2068 menda
396 2001 448 2065 uel
471 2000 658 2084 explicanda
680 2001 741 2065 hae
760 1999 867 2066 fabule
885 2021 1014 2082 operam
1037 2000 1239 2080 studiumque
1262 1997 1402 2064 colloca·

250 2109 329 2174 bant
351 2107 468 2173 Suidae
496 2109 669 2190 scripturas
696 2114 729 2171 et
756 2108 977 2173 adnotationes
1001 2107 1042 2170 ad
1066 2105 1295 2171 emendandam
1317 2104 1403 2170 hane

250 2215 392 2280 fabulam
410 2214 634 2290 adhibuerunt,
652 2219 759 2279 tamen
777 2213 893 2297 dignae
911 2215 1060 2277 uidentur
1080 2211 1241 2296 quaesere
1256 2211 1403 2293 integrae

251 2319 645 2406 Thesmophoriauusarum
670 2321 838 2404 apparatui
862 2319 971 2384 eritieo
994 2320 1184 2384 inserantur.

644 2531 780 2597 CAPVT
804 2531 1001 2596 TERTIVM.

776 2677 795 2754 ξ
821 2675 869 2738 13.

341 2796 511 2879 Pergamus
533 2797 575 2861 ad
598 2797 858 2879 Lysistratam.
905 2797 952 2861 De
976 2799 1064 2861 ouius
1088 2795 1213 2861 fabulae
1236 2797 1403 2862 codicibus

251 2923 329 2984 quos
352 2924 436 2965 nune
458 2902 610 2968 habemus
632 2903 776 2986 Engerus
798 2904 878 2971 haee
902 2904 1048 2968 adnotat:
1072 2902 1148 2967 Due
1171 2908 1280 2967 ertum
1305 2904 1403 2986 Lysi-

251 3013 372 3072 stratus
395 3008 549 3072 librorum
569 3029 694 3092 penae,
720 3030 856 3091 quorum
880 3009 1016 3072 ultorum
1034 3011 1134 3088 specie
1153 3009 1279 3091 quidem
1298 3029 1402 3073 enzen-

252 3116 361 3182 dotius
378 3116 433 3178 scd
450 3115 687 3194 interpolatum,
708 3116 844 3180 alterum
857 3115 965 3178 necitis
980 3116 1071 3180 ditiis
1085 3117 1292 3196 inquinatum
1308 3115 1403 3200 lonpe

252 3225 357 3285 lucian
378 3221 532 3286 sincerius
560 3227 723 3302 astatque
742 3223 965 3302 praestantius
983 3224 1101 3302 priore.
1149 3221 1267 3285 Prioris
1291 3229 1403 3286 autern

251 3327 377 3408 generis
396 3333 469 3391 sunt
489 3326 738 3408 codices1302)
763 3327 915 3414 (Parisini
934 3327 1020 3391 2715
1041 3337 1073 3392 et
1092 3328 1193 3412 2717)
1218 3334 1251 3392 ct
1271 3327 1402 3393 Vossia-

252 3453 310 3496 nus
333 3431 497 3496 Leidensis
522 3433 590 3518 (L),
613 3455 706 3515 quem
729 3433 919 3519 Velsenns⁸)
942 3455 1005 3499 non
1028 3441 1145 3498 temere
1170 3433 1348 3498 Florentini
1373 3437 1408 3498 Γ

253 3537 480 3622 (bibliothecae
507 3538 739 3604 Laurentianus
764 3541 821 3615 31,
847 3540 902 3624 15)
936 3540 1081 3604 ultimam
1108 3547 1231 3624 partem
1259 3539 1402 3606 effecisse

252 3645 428 3726 suspicatus
456 3651 517 3720 est,
545 3652 577 3710 et
604 3645 836 3710 Laurentianus
865 3647 890 3709 Δ
918 3647 990 3732 (31,
1021 3647 1090 3730 16);
1123 3646 1240 3711 etenim
1267 3646 1403 3712 lacunae

326 3839 344 3896 b
364 3839 398 3891 ad
418 3837 467 3890 Od.
489 3855 532 3907 pg.
555 3841 631 3901 1761,
652 3841 694 3893 21.

325 3925 551 3989 ²)D1ndorfianis
575 3927 652 3995 siglis
672 3935 745 3994 ut0r3
770 3944 823 3981 non
843 3927 913 3982 bene
933 3929 1005 3982 enim
1025 3929 1151 3997 Engerus
1171 3927 1311 3983 Parisinos
1329 3931 1403 3984 2715

254 4023 282 4069 et
305 4014 374 4070 2717
403 4017 526 4070 nominat
548 4015 616 4085 AB,
646 4033 705 4070 eum
729 4015 890 4071 Dindorfius
919 4017 1021 4071 rectius
1050 4017 1146 4072 littera
1168 4017 1195 4070 Α
1223 4016 1403 4085 insigniuerit

253 4103 407 4156 Parisinum
428 4105 505 4168 2712,
526 4103 573 4172 qui
592 4103 747 4173 Lysistratus
766 4109 850 4169 caret,
871 4111 898 4158 et
913 4105 1076 4160 Vossianum
1093 4106 1258 4160 Leidensem
1274 4106 1401 4174 Engerus

253 4190 398 4260 insigniuit
421 4201 485 4245 nota
510 4191 539 4256 V,
563 4199 594 4246 ut
619 4191 701 4246 leeile
725 4209 787 4246 cum
810 4193 934 4258 Vlenetol
954 4193 1041 4262 possit
1064 4192 1206 4260 confundi;
1232 4193 1262 4248 el
1287 4195 1399 4248 Velsen.

253 4280 351 4334 Philol.
372 4281 464 4333 XXIV
484 4298 527 4348 pg.
551 4283 609 4335 126.

326 4369 345 4423 ³]
367 4369 457 4422 Ueber
476 4370 529 4423 den
549 4369 640 4423 Codex
662 4369 779 4423 Urbinas
798 4385 843 4437 pg.
863 4371 905 4424 53.
