3008 4884
276 387 315 483 54
593 337 599 347 ’
711 421 754 432 -
802 385 886 467 [rao]
934 421 976 431 -

275 575 392 658 quique
415 580 508 640 erant
530 575 559 640 51
590 575 743 657 aequales
772 593 887 658 prosae
917 572 1071 638 orationis
1099 581 1247 639 auctores
1273 593 1335 637 nou
1359 572 1402 635 ri-

274 678 391 744 dentur
412 697 484 743 eam
507 677 646 762 amplexi
670 697 753 742 esse.
802 676 852 742 61.
879 677 1023 760 Dranger
1044 677 1076 740 ΙΙ
1098 698 1173 760 pag.
1201 679 1263 740 328
1286 696 1333 758 sq.

361 781 506 844 Pertinet
527 801 600 846 cum
622 779 779 845 infinitivo
807 781 895 844 solus
919 779 1108 845 Cornificius
1138 780 1313 844 construxit
1341 778 1404 842 ioco

277 884 332 950 vix
355 903 434 949 sano
449 883 504 968 lv,
525 887 578 965 27,
593 887 634 950 37
657 883 742 946 si-
765 883 810 946 ad
828 905 894 946 rem
917 906 979 946 noo
999 883 1139 966 55511551
1155 883 1286 966 plonius
1309 889 1404 944 55155-

275 989 349 1051 dere
371 995 429 1051 etc.
756 1040 761 1053 .

362 1087 550 1156 Cornificius
581 1088 662 1152 dixit
684 1089 828 1172 postulat
855 1089 975 1173 1955551
994 1090 1025 1172 Ι,
1043 1093 1109 1170 14,
1131 1093 1170 1151 24
1195 1088 1330 1168 51511,
1359 1092 1402 1152 16.

276 1198 328 1258 23.
357 1198 407 1276 17,
426 1196 479 1256 25.
504 1191 558 1271 IV,
582 1196 631 1272 14,
650 1196 707 1269 2θ;
733 1192 818 1257 idem
842 1201 951 1257 tamen
973 1192 1108 1257 alteram
1132 1212 1256 1275 quoque
1278 1191 1406 1256 adhibet

275 1295 543 1361 constructionem
558 1294 585 1377 Ι,
607 1298 656 1378 14,
674 1299 713 1358 24
732 1296 888 1378 postulat,
913 1303 949 1356 ut
970 1294 1021 1357 sui
1040 1295 1256 1358 misereantur.
1299 1294 1406 1375 Itaque

276 1397 361 1482 apud
377 1397 579 1464 Cornificium
602 1397 805 1464 accusativus
828 1417 899 1463 cum
921 1396 1077 1462 infinitivo
1092 1397 1236 1480 legitima
1251 1404 1302 1461 cst
1317 1396 1407 1460 huius

276 1500 366 1566 verbi
388 1505 562 1583 structura,
595 1501 729 1566 alteram
756 1506 945 1566 structuram
970 1505 1122 1583 sequente
1146 1498 1302 1584 particula
1326 1498 1407 1563 finali

275 1605 434 1689 insignem
457 1604 550 1687 qussi
572 1611 701 1670 coactus
724 1611 841 1670 natura
864 1604 953 1669 verbi
975 1604 1120 1668 misereri
1145 1604 1243 1669 semei
1272 1623 1409 1687 usurpa-

275 1709 331 1774 vit.
379 1708 429 1771 Ex
452 1707 607 1772 contrario
629 1707 742 1774 Cicero
764 1707 830 1772 inv.
856 1709 881 1787 Ι,
913 1712 1033 1788 11,15,
1060 1727 1122 1788 quo
1144 1707 1214 1771 ioco
1236 1727 1310 1770 eum
1337 1707 1409 1771 Cor-

275 1811 374 1877 nificii
386 1811 644 1896 explanationem
656 1818 730 1876 autc
743 1810 851 1876 oculos
863 1810 1016 1876 habuisse
1024 1811 1091 1876 veri
1106 1831 1167 1875 non
1180 1817 1229 1875 est
1239 1810 1406 1882 dissimile,

276 1915 364 1979 iilum
380 1913 472 1996 quasi
486 1914 649 1998 corrigens
672 1914 721 1980 bis
744 1914 822 1979 dicit
843 1923 879 1977 ut
897 1914 1079 1997 1955555155
1098 1915 1254 1996 postulot3
1279 1913 1327 1978 51.
1346 1913 1404 1977 inv.

276 2019 319 2102 ΙΙ,
339 2021 476 2101 34,104.
503 2018 555 2100 35,
573 2020 645 2082 106.
685 2016 885 2100 Quamquam
902 2017 1115 2082 Oomiiiciaua
1130 2037 1254 2099 quoque
1269 2036 1351 2081 usus
1366 2026 1409 2080 ost

276 2127 435 2190 structura
450 2121 515 2186 inv.
533 2121 560 2203 Ι,
580 2123 631 2201 32,
651 2123 691 2184 53
708 2121 941 2204 postulabimus
955 2121 1043 2184 nobis
1058 2121 1140 2184 ulad
1152 2159 1194 2168 -·-
1209 2120 1344 2183 concedi
1362 2119 1406 2198 (ri.

276 2223 441 2289 Hellmuth
464 2229 525 2289 act.
545 2223 645 2289 lirul
668 2243 743 2307 pag.
766 2227 857 2306 156);
884 2221 925 2289 ci.
946 2223 1143 2304 (15155528,
1164 2225 1205 2287 86
1227 2232 1301 2286 ante
1318 2246 1409 2308 quom

240 2315 250 2332 ⁸
276 2327 410 2390 hominis
429 2327 605 2411 propinqui
629 2327 709 2390 6555
732 2327 892 2410 possideri
915 2327 1165 2410 postularentar.
1212 2326 1261 2392 De
1288 2327 1410 2412 prisco-

278 2451 345 2496 rum
370 2429 558 2515 scriptorum
582 2450 641 2495 usu
671 2429 713 2495 cf.
739 2431 892 2496 Holtzel
923 2449 998 2514 pag.
1018 2433 1080 2494 254
1103 2449 1151 2512 sq.
1179 2433 1251 2493 266.
1276 2431 1310 2494 ΙΙ
1335 2451 1407 2514 pag.

279 2536 317 2596 37
341 2553 390 2617 sq.
416 2540 497 2598 515.
523 2553 554 2617 g.
581 2533 662 2617 Nep.
689 2534 782 2597 Eum.
809 2537 839 2615 8,
859 2537 889 2596 2.
930 2534 1036 2598 Η555.
1065 2537 1113 2611 12,
1135 2537 1164 2598 3.

363 2635 458 2720 Apud
481 2635 722 2721 probatissimos
745 2636 915 2720 scriptores
937 2636 1037 2701 verba
1066 2636 1218 2718 sperandi
1238 2636 1413 2719 pellicandi

278 2739 405 2819 similia,
420 2739 487 2804 *ubi
510 2738 550 2804 de
573 2741 668 2805 rebus
684 2739 799 2804 futuris
814 2740 929 2823 agitur,
956 2759 1027 2804 cum
1043 2738 1199 2804 infinitivo
1214 2739 1314 2804 futuri
1332 2747 1410 2805 rem-

277 2841 364 2926 poris
391 2841 542 2924 coniungi
570 2843 673 2907 solere
702 2847 839 2907 constat.
887 2841 991 2920 Quam
1019 2843 1165 2924 regulam
1196 2861 1268 2906 cum
1298 2842 1410 2906 Corni-

276 2945 368 3010 ficius
383 2963 508 3027 quoque
524 2963 627 3028 paene
643 2951 826 3010 constanter
840 2941 1056 3010 observaverit
1076 2944 1128 3025 (cf.
1145 2944 1172 3026 1,
1192 2949 1222 3026 4,
1239 2948 1257 3006 7
1273 2944 1304 3007 si
1314 2947 1409 3028 polli-

278 3048 414 3112 cebimur
435 3070 491 3111 nos
513 3049 551 3111 dc
573 3049 665 3111 rebus
686 3048 808 3133 moqnis
829 3085 872 3095 —
895 3049 989 3112 uerba
1001 3048 1164 3133 facturos.
1189 3048 1215 3128 Ι,
1236 3049 1266 3130 6,
1288 3053 1342 3113 10.
1367 3049 1407 3112 Π,

280 3154 329 3231 19,
350 3153 402 3215 30.
427 3151 485 3232 ΙΙΙ,
513 3157 543 3233 4,
563 3153 593 3215 8.
619 3152 678 3232 ΙΙΙ,
706 3155 736 3233 6,
757 3155 796 3214 12
819 3173 947 3234 sperare
968 3173 1024 3214 nos
1042 3187 1080 3198 —
1097 3150 1137 3213 iss
1151 3187 1192 3198 —
1208 3151 1301 3214 115155
1313 3154 1410 3236 farto

271 3255 474 3337 probaturos.
505 3255 561 3335 lv,
590 3257 640 3336 18,
659 3258 711 3319 25.
745 3255 786 3336 ΙΙ,
815 3261 865 3337 17,
885 3258 925 3318 25
949 3255 1061 3339 siquo
1082 3275 1152 3336 spes
1174 3255 1236 3317 erit
1258 3255 1333 3317 aseri
1347 3256 1410 3339 su-

279 3359 408 3439 tarium),
440 3357 565 3422 duobus
586 3357 666 3423 locis
688 3359 787 3423 verba
809 3357 867 3422 illa
889 3378 960 3423 cum
982 3357 1163 3441 praesentis
1186 3356 1340 3440 temporis
1362 3357 1410 3420 iu-

277 3459 399 3524 finitivo
415 3460 604 3526 construxit:
632 3461 674 3542 Π,
697 3463 746 3543 19,
766 3463 806 3524 28
830 3462 977 3544 sperabat
998 3459 1084 3523 illius
1105 3465 1204 3522 morte
1226 3481 1259 3522 55
1278 3460 1409 3522 salutem

177 3563 180 3570 '
277 3563 339 3626 sibi
359 3586 541 3648 comparare
562 3563 735 3648 (praecedit
751 3563 928 3628 infinitivus
944 3562 1041 3628 futuri
1056 3561 1180 3626 oritobat
1194 3561 1249 3625 uto
1265 3563 1412 3626 incolumi

276 3689 307 3730 se
332 3666 517 3730 incolumem
547 3688 608 3730 nou
626 3668 789 3752 futurum]
825 3674 857 3732 51
878 3667 934 3748 lv,
962 3667 1030 3746 3,6
1062 3665 1136 3750 quio
1159 3663 1354 3749 5511155515·
1381 3689 1411 3728 sc

277 3779 377 3834 55155
399 3769 544 3834 semime.
585 3770 654 3835 Hac
678 3775 846 3849 structura,
873 3789 937 3852 qua
959 3770 1092 3834 Plautus
1115 3775 1148 3834 et
1162 3768 1334 3834 Terentius
1357 3789 1410 3853 pro

276 3873 428 3939 cotidiani
450 3872 607 3939 sermonis
629 3873 860 3938 cousuetudine
883 3891 980 3956 saepe
1009 3871 1059 3937 usi
1083 3877 1157 3937 sunt
1184 3871 1234 3954 (51.
1261 3871 1375 3936 Holme
1397 3871 1410 3934 1

277 3995 350 4059 pag.
377 3978 439 4039 250
463 3995 531 4059 sqq.
564 3979 625 4039 266
649 3996 697 4058 sq.
724 3977 756 4040 H
784 3996 861 4060 pag.
889 3977 956 4058 69),
990 3974 1101 4041 Cicero
1127 3975 1161 4038 in
1190 3975 1270 4058 ipsis
1299 3975 1410 4059 primis

276 4078 365 4144 libris
397 4079 552 4145 abstinuit
580 4079 629 4160 (cf.
655 4078 721 4144 inv.
747 4079 779 4160 1,
810 4081 859 4160 18,
880 4081 932 4143 23.
961 4081 1010 4158 17,
1030 4082 1069 4141 25
1094 4077 1154 4142 bis.
1182 4079 1233 4157 52,
1254 4079 1294 4140 88
1318 4079 1407 4160 etc).

275 4179 388 4262 Neque
411 4181 496 4247 enim
520 4183 625 4248 obstat
648 4183 740 4248 Rosc.
766 4183 836 4246 Am.
863 4181 954 4262 7,18
984 4203 1074 4264 spero
1104 4203 1141 4242 55
1168 4178 1225 4242 tue
1253 4179 1322 4262 ipso
1351 4201 1410 4242 555

276 4305 341 4344 5555
364 4285 538 4364 obscurant,
563 4287 606 4349 od
627 4308 716 4370 quem
738 4285 871 4368 asspicio
893 4283 1040 4369 otuleflmi
1055 4283 1232 4367 pertineat,
1258 4302 1320 4366 quo
1342 4283 1410 4348 loco
