3048 4898
533 353 573 361 ..
621 315 694 397 [83]
741 351 781 360 .-

620 533 689 614 Vl.

177 724 263 790 llaec
291 723 356 788 lere
384 723 425 786 de
452 721 594 788 versibus
621 723 654 786 in
681 705 785 786 altera
811 719 932 804 sylloge
954 719 1098 804 repetitis
1122 721 1229 803 dispu-

105 832 185 897 tanda
215 829 412 896 videbantur.
467 827 536 906 Qua
563 828 597 892 in
623 847 659 892 re
685 827 915 912 perscrutanda
945 847 1016 892 cum
1043 826 1131 892 haud
1157 847 1230 890 raro

105 939 300 1022 antiquiorem
327 935 551 1020 melioremque
578 940 698 1000 statum
724 935 758 998 in
781 934 883 999 altera
910 933 1092 1002 collectione
1120 933 1231 1016 dopre-

106 1045 304 1122 henderimus‚
331 1041 500 1108 dolendum
528 1047 590 1118 est,
621 1041 705 1125 quod
733 1062 795 1126 quo
827 1041 963 1124 primum
990 1046 1131 1123 tempore
1159 1040 1232 1104 illae

107 1152 228 1237 syllogae
263 1149 454 1244 compositae
485 1155 519 1214 et
549 1169 614 1230 qua
648 1152 754 1240 aetate
790 1147 824 1212 in
855 1169 952 1212 unum
984 1146 1137 1212 conflatae
1168 1145 1232 1212 siut

107 1280 203 1342 corpus
224 1257 407 1340 investigari
429 1276 493 1321 non
514 1255 642 1338 poterit.
687 1254 856 1321 Exstitisse
877 1260 982 1319 autem
1009 1254 1072 1320 iam
1094 1253 1232 1338 antiqui-

107 1375 149 1430 tus
164 1365 361 1430 collectiones
379 1363 531 1448 quasdam
549 1382 588 1426 ex
606 1360 798 1445 Theognidis
816 1361 924 1445 elegiis
943 1365 1106 1444 excerptas
1126 1399 1166 1410 —
1186 1361 1232 1425 ita

108 1479 136 1536 nt
158 1473 259 1556 capita
289 1469 474 1554 singulatim
505 1469 676 1554 praecipua
702 1489 741 1532 ex
768 1469 814 1533 eis
846 1468 1097 1534 exscriberentur
1124 1505 1166 1516 -—
1194 1488 1232 1531 ex

108 1577 236 1642 Platonis
259 1576 327 1642 loeo
354 1577 395 1642 de
421 1575 493 1659 Lag.
524 1575 598 1653 Vll,
626 1572 723 1641 81οΕ
746 1574 900 1659 Bergkius
910 1576 936 1660 ¹)
969 1581 1054 1640 recte
1081 1573 1234 1641 conclusit

109 1685 273 1768 monuitque
296 1705 359 1749 non
382 1684 482 1748 multo
504 1689 578 1767 post
596 1682 745 1748 Isocratis
767 1687 904 1747 aetatem
922 1683 1047 1748 saeculo
1065 1702 1093 1745 a.
1112 1679 1185 1746 Chr.
1204 1703 1232 1744 n.

106 1790 163 1856 lere
190 1791 284 1858 tertio
311 1791 447 1874 primum
474 1789 626 1855 eiusmodi
654 1789 852 1871 anthologias
880 1795 966 1854 ortas
994 1810 1070 1855 esse.
1116 1788 1233 1866 Quam-

105 1919 186 1980 quam
207 1897 382 1982 complures
409 1897 574 1980 paullatim
602 1902 766 1980 excerptas
792 1894 889 1961 fuisse
911 1895 1109 1962 collectiones
1132 1894 1234 1959 Theo-

105 2005 222 2088 gnideas
249 2003 411 2069 Plutarchi
442 2004 529 2069 locus
560 2003 805 2088 haudquaquam
831 2007 918 2068 certo
945 2002 1154 2078 demonstrat,
1180 2001 1234 2086 qui

106 2111 152 2190 (de
174 2111 245 2176 aud
276 2112 379 2194 potitis
406 2131 473 2194 cap.
496 2109 528 2174 II
555 2132 584 2194 p.
608 2109 666 2196 36)
693 2100 735 2175 τὰ
764 2101 794 2174 δ’
821 2100 1090 2194 Ἐμπεδοκλέους,
1123 2110 1234 2191 inquit,

106 2213 159 2302 ἔπη
183 2218 239 2282 καλ
266 2217 493 2300 Παρμενίδου,
526 2217 582 2281 καὶ
609 2206 756 2302 θηριακὰ
784 2212 992 2300 Νικάνδρου,
1020 2217 1076 2281 καὶ
1102 2237 1234 2301 γνωμο-

107 2326 201 2407 λογίαι
217 2318 397 2406 Θεόγνιδος
416 2319 509 2406 λόγοι
527 2321 590 2388 stol
604 2321 800 2410 κεχρημένοι
812 2314 904 2407 παρὰ
918 2331 1101 2410 ποιητικῆς,
1121 2314 1234 2406 ὥσπερ

107 2421 212 2514 ὄχημα,
240 2420 303 2492 τὸν
326 2422 430 2513 ὄγκον
453 2431 510 2494 καὶ
531 2421 571 2495 τὸ
594 2428 728 2513 μέτρον,
751 2427 806 2495 tva
828 2421 868 2496 τὸ
891 2421 995 2511 πεζὸν
1018 2425 1234 2514 διαφύγωσιν.

106 2535 214 2612 Quibus
233 2535 339 2600 verbis
357 2557 419 2600 non
435 2536 527 2601 valde
545 2535 723 2602 blanditum
742 2557 810 2602 esse
827 2536 1031 2602 Plutarchum
1045 2535 1236 2620 Theognidis

106 2645 180 2722 poesi
193 2642 290 2708 verbo
305 2663 474 2708 monemus.
484 2645 510 2728 ²)
546 2644 770 2727 γνωμολογίαι
784 2649 890 2708 autem
908 2643 986 2708 illud
1006 2645 1102 2709 etiam
1116 2643 1156 2708 de
1174 2662 1237 2706 una

106 2749 215 2833 sylloge
240 2749 306 2814 dici
331 2750 473 2832 potuisse
500 2771 563 2815 non
585 2749 667 2814 male
689 2751 812 2815 monuit
834 2727 1038 2816 llietzschius.
1063 2789 1103 2798 -
1128 2749 1237 2834 Neque

106 2861 200 2920 amen
228 2857 314 2940 quod
341 2856 383 2921 ad
414 2863 538 2922 nostras
570 2856 697 2940 quidem
728 2857 844 2922 attinet
871 2857 1070 2923 collectiones
1097 2863 1237 2922 veterum

107 2964 276 3029 testimoma
294 2963 461 3048 quicquam
479 2963 649 3029 memoriae
663 2963 809 3047 produnt.
845 2963 942 3029 Plane
961 2964 1045 3029 enim
1060 2964 1123 3030 aha
1137 2963 1238 3030 forma

107 3073 192 3150 atque
213 3069 397 3136 condicione
419 3069 515 3136 luisse
537 3059 697 3148 videntur,
726 3070 765 3135 de
788 3069 903 3154 quibus
947 3071 1038 3137 Plato
1060 3073 1080 3136 l.
1099 3072 1119 3137 l.
1142 3069 1238 3134 rerba

108 3172 309 3261 incitatque
335 3183 471 3242 nostrae.
516 3177 554 3242 In
582 3177 646 3243 illis
673 3177 757 3243 euim
784 3197 847 3242 non
874 3175 1003 3242 filerunt
1029 3177 1091 3243 nisi
1119 3175 1238 3260 elegiae

107 3281 144 3345 ad
165 3281 308 3367 Cyrnum,
330 3283 371 3348 ad
394 3285 511 3350 amicos
534 3285 689 3362 conditae,
711 3285 850 3350 carmirna
871 3289 904 3350 et
922 3284 1112 3351 didascalica
1130 3289 1163 3349 et
1180 3303 1237 3367 po-

109 3385 194 3453 litica.
236 3389 373 3456 Nostrae
399 3397 504 3457 autem
527 3391 666 3475 syllegae
688 3396 814 3474 praeter
837 3409 874 3456 ea
897 3391 1145 3474 complectuntur
1168 3410 1237 3454 oar·

109 3495 187 3558 mina
206 3497 380 3562 convivalia
401 3498 527 3581 potoria
549 3499 688 3582 paedica
711 3519 791 3580 quae
814 3497 1043 3582 aTheognide,
1066 3499 1093 3562 si
1112 3497 1239 3580 quidem

111 3605 238 3667 veterum
260 3603 451 3688 scriptorum
472 3604 661 3670 testimoniis
679 3603 757 3670 fides
775 3603 921 3669 habenda
939 3610 996 3682 eet
1018 3623 1080 3670 non
1098 3600 1240 3686 profecte

110 3724 172 3770 ease
188 3716 324 3791 possunt
362 3711 467 3793 Atque
480 3709 662 3776 Welclrerus
676 3711 803 3794 quidem
822 3712 926 3776 omnia
944 3710 1097 3777 eiusmodi
1115 3705 1239 3791 generis

111 3815 240 3880 wmma
261 3837 299 3881 ex
323 3815 515 3900 Theognidis
537 3818 625 3902 poesi
648 3817 833 3901 expellenda
856 3839 923 3882 esse
946 3817 1076 3882 cenauit.

193 3919 257 3998 Quo
279 3927 388 3988 autem
409 3924 503 3989 mode
527 3923 645 3990 factum
663 3928 766 3989 estut
784 3924 862 3989 talia
879 3924 1008 4008 syllogis
1026 3924 1240 3989 insererentur

110 4026 258 4092 earmina?
289 4027 541 4116 Nietzschiuml)
559 4031 587 4096 si
604 4030 770 4107 audireris,
788 4033 928 4096 earmina
946 4028 1148 4113 Theognidea
1164 4031 1240 4090 tuno

144 4141 312 4155 ’Ἢ-

194 4185 215 4248 ¹)
230 4187 322 4242 Pher.
341 4189 368 4242 Π
387 4205 414 4258 p.
433 4191 493 4245 566.

193 4271 279 4338 'irin
297 4277 451 4333 Nietzsehil
469 4277 601 4334 iudicium
620 4279 654 4335 de
673 4279 725 4335 hac
744 4296 774 4335 re
793 4279 811 4335 l.
831 4281 849 4335 l.
868 4299 894 4350 p.
916 4282 974 4337 182.

193 4359 214 4426 ³)
233 4361 249 4415 l.
268 4364 285 4417 l.
304 4382 330 4433 p.
353 4367 403 4422 179
417 4382 457 4434 sq.
477 4367 529 4423 185
543 4381 583 4435 sq.
